3142 5059
734 488 956 557 ..55-

259 685 337 755 mihi
373 685 543 769 proposui,
581 689 619 752 ut
655 703 752 768 quam
789 683 885 753 varia
922 682 990 752 siut
1026 682 1123 751 huius
1160 682 1247 767 tropi
1284 680 1434 764 exempla

259 792 294 860 in
317 786 495 877 conspectu
525 811 652 876 ponam.
698 793 747 859 Ac
777 791 914 875 primum
944 790 1074 873 quidem
1104 790 1211 857 locum
1240 808 1301 856 eae
1334 807 1434 857 voces

260 899 444 981 obtineant,
468 917 552 982 quae
575 902 653 967 sunt
675 898 821 965 Plautini
843 897 1097 980 Terentianique
1120 895 1296 979 sermonis3
1325 894 1360 962 in
1382 895 1434 962 his

261 1008 372 1073 autom
395 1008 458 1074 hae
481 1010 575 1074 suut:

305 1134 501 1197 eaeee'mcre':
521 1130 620 1198 miser
643 1130 812 1198 examinor
833 1130 941 1197 Plaut.
965 1129 1045 1197 Cist.
1068 1126 1150 1211 2073

304 1241 443 1305 animem
460 1238 590 1326 efflare:
691 1237 862 1320 hominem,
886 1237 1016 1320 quando
1038 1236 1178 1303 animam
1194 1235 1335 1317 ecflavit
1359 1234 1436 1318 quid

423 1364 497 1412 eum
519 1363 660 1426 quaeras
684 1343 737 1427 qui
762 1344 851 1411 fuit?
875 1343 982 1410 Plaut
1004 1344 1095 1410 Pers.
1119 1341 1200 1409 634:

305 1454 447 1518 enimam
462 1454 617 1517 omittere:
637 1450 778 1517 animam
794 1450 949 1517 omittunt
963 1449 1152 1533 priusquam
1166 1451 1237 1517 loco
1253 1449 1438 1534 demigrent

421 1557 530 1624 Plaut.
552 1557 667 1640 Amph.
690 1553 773 1640 2403

307 1668 446 1731 animem
479 1666 671 1751 relinquere:
704 1663 845 1731 animam
875 1663 1057 1746 relinquam
1087 1663 1196 1747 potius
1231 1683 1327 1748 quam
1361 1663 1437 1731 illas

422 1771 572 1838 deseram
617 1771 691 1838 Ter.
714 1770 831 1854 Adelp.
855 1768 937 1853 4983

308 1895 367 1963 cfr.
390 1896 483 1962 Hom.
507 1896 545 1963 11.
569 1896 606 1963 V.
631 1894 713 1962 696:
736 1894 797 1961 τὸν
820 1890 946 1960 δ’ἕλιπε
968 1895 1072 1980 ψυχή.

263 2002 411 2086 Denique
434 2003 533 2070 etiam
556 2001 676 2070 locutio
693 2006 832 2069 enimam
848 2023 938 2089 opere
960 2001 1118 2085 addatur3
1140 2002 1330 2070 ioculariter
1353 2003 1439 2070 enim

264 2110 344 2177 dicit
366 2110 474 2177 Plaut.
496 2110 585 2177 'Prin
608 2129 639 2177 v.
663 2107 767 2175 1091:
799 2131 848 2175 res
877 2106 912 2192 (i.
938 2128 967 2191 q.
985 2108 1184 2195 Verm'o’geu)
1207 2132 1276 2175 eam
1299 2113 1440 2176 animem

263 2219 380 2303 eperat,
405 2225 470 2282 taem
493 2238 553 2282 esse
576 2218 711 2303 effusum
735 2220 884 2303 oportuit.

351 2341 444 2424 Quae
473 2360 572 2410 voces
604 2361 645 2408 ex
675 2340 793 2407 Plauto
824 2340 1043 2423 Terentioque
1077 2341 1202 2408 allatae
1235 2362 1295 2425 per
1330 2342 1441 2409 omnia

263 2451 412 2531 tempora
426 2447 461 2514 in
476 2466 538 2515 usu
552 2450 813 2531 permanserunt,
836 2449 873 2514 ut
888 2449 1017 2514 taceam
1037 2447 1077 2515 de
1094 2448 1249 2532 ampliore
1264 2448 1440 2530 varietate,

265 2573 349 2637 quae
373 2554 460 2639 apud
482 2554 681 2638 posteriores
705 2554 883 2638 scriptores
907 2556 1111 2623 observatur.

354 2679 514 2763 Exemplo
538 2678 621 2746 sint:

310 2808 505 2871 ecceimcri:
538 2808 607 2871 tum
641 2803 730 2871 ferro
762 2806 912 2872 extracto
945 2804 1118 2873 confestim
1149 2805 1356 2874 exanimatus
1388 2811 1441 2873 est

426 2912 506 2995 Nep.
528 2912 589 2995 Ep.
614 2909 644 2979 9.
668 2910 705 2994 4;

311 3022 451 3085 animem
471 3019 602 3105 efflare:
624 3018 705 3101 Nep.
720 3019 819 3085 Pane.
835 3016 865 3085 5.
882 3016 912 3085 4.
921 3017 992 3085 Cic.
1008 3038 1066 3102 pro
1082 3017 1150 3085 Mil.
1167 3016 1224 3102 483
1241 3022 1276 3086 et
1292 3019 1441 3104 saepius3

310 3128 450 3191 enimam
474 3126 640 3191 ectelore:
663 3125 777 3192 Senec.
801 3144 851 3208 ep.
875 3121 949 3191 101.
973 3123 1033 3208 143

310 3236 449 3298 animem
464 3235 617 3298 emittere:
636 3232 727 3313 Cato,
744 3231 800 3313 qui
816 3250 912 3314 quam
927 3231 1015 3298 ferro
1032 3250 1097 3298 non
1113 3231 1277 3314 emiserat,
1301 3233 1441 3299 animam

427 3358 525 3405 manu
549 3337 695 3406 extraxit
717 3337 832 3406 Senec.
859 3358 908 3421 ep.
932 3335 985 3406 70.
1009 3336 1068 3421 19;

312 3449 449 3512 enimam
475 3468 610 3531 ponere:
644 3464 716 3513 cum
747 3444 860 3529 primis
895 3445 961 3511 fida
995 3464 1112 3513 cauum
1147 3444 1197 3514 vis
1235 3449 1345 3514 strata
1378 3445 1442 3513 viis

428 3551 569 3619 animam
598 3553 743 3635 ponebat
769 3552 805 3618 in
836 3551 984 3619 omnibus
1016 3572 1115 3637 aegre
1142 3553 1238 3620 Lucr.
1261 3553 1308 3619 VI
1338 3550 1442 3634 12213

312 3662 452 3726 enimam
474 3663 630 3725 omittere:
660 3658 778 3727 funera
808 3662 1066 3742 respectansque
1097 3659 1238 3726 animam
1268 3659 1442 3726 amittebat

427 3767 524 3833 Lucr.
540 3767 595 3834 -VI
619 3764 723 3849 1234;

313 3876 450 3939 enimam
463 3876 629 3960 deponere:
644 3875 681 3939 ut
693 3873 783 3957 prius
801 3873 941 3940 animam
954 3892 1051 3955 quam
1066 3872 1174 3940 odium
1186 3892 1267 3957 erga
1276 3874 1442 3940 Romanos

428 3980 624 4064 deposuerat
647 3980 728 4063 Nep.
751 3980 895 4046 Haunib.
919 3978 949 4046 3.
972 3982 1007 4046 et
1037 3979 1228 4063 saepissime
1257 3980 1293 4047 in
1320 3980 1442 4062 titulis;

429 4085 487 4154 cfr.
511 4088 548 4153 B.
573 4083 669 4153 1084.
693 4083 791 4153 1540.
815 4084 911 4153 1539.
935 4083 1032 4154 1546.
1056 4084 1160 4170 1542;

313 4216 452 4278 enimam
482 4212 632 4278 ebullire:
666 4214 702 4278 et
734 4211 790 4278 ille
825 4211 953 4294 quidem
991 4212 1133 4280 animam
1167 4210 1294 4279 ebulliit
1327 4212 1442 4280 Senes.

429 4317 641 4402 Apocolocyt.
664 4315 694 4385 4.
717 4316 748 4384 2.
770 4316 850 4385 item
872 4319 961 4385 Petr.
984 4338 1011 4386 c.
1034 4316 1094 4403 423
