3142 5059
602 502 824 571 ...53¹-

124 695 259 763 Scilicet
280 698 444 781 pleniores
467 699 591 767 formae
614 699 828 770 inveniuntur
849 702 930 769 hae:

167 844 182 886 e
206 825 271 887 cita
295 826 456 891 excedere:
478 824 542 892 eie.
563 824 645 893 Phil.
666 826 752 893 XIII
775 824 835 909 41;
858 825 910 894 eii.
933 828 949 893 I
973 825 1053 910 1533
1078 829 1174 895 Tusa.
1197 829 1215 895 I
1241 826 1298 913 573

284 930 374 997 Lael.
399 929 458 1014 123
482 931 522 999 de
546 932 599 999 fin.
622 932 674 999 ΠΙ
697 930 749 1000 61.

165 1056 228 1117 circ
252 1056 409 1227 εωΙσΙαάῖἓοε
436 1054 503 1123 Cic.
526 1057 621 1123 Tusa
645 1054 746 1140 1293
769 1060 838 1125 nat.
861 1057 949 1125 decr.
972 1056 1105 1142 11141;
1127 1057 1192 1126 Cic.
1215 1057 1298 1125 Phit

165 1288 203 1350 de
227 1288 290 1351 ritu
314 1288 473 1353 excedere:
493 1286 558 1354 cic.
580 1288 634 1354 fin.
658 1284 768 1355 1160.

209 1410 332 1476 Verum
355 1413 494 1477 eradere
524 1412 674 1479 absolute
697 1431 756 1495 pre
779 1415 860 1478 mors·
881 1412 1021 1496 primus,
1052 1413 1081 1481 si
1106 1416 1198 1481 recte
1219 1411 1297 1495 vidi,

120 1515 270 1583 adhibuit
293 1516 429 1584 Seneca.
474 1518 636 1601 Exempla
658 1517 734 1587 vide
757 1517 858 1606 haecss:

164 1640 281 1710 Senec.
305 1661 354 1726 ep.
378 1640 430 1710 77.
455 1639 514 1709 1οε
537 1644 648 1710 tamen
671 1642 860 1710 mollissime
884 1643 1037 1711 excessit.

163 1748 206 1815 ad
229 1750 331 1818 Marc.
354 1750 420 1816 XX
443 1748 480 1816 4:
502 1749 613 1833 pepuli
635 1749 788 1832 princeps
812 1754 1012 1818 excesserat.

162 1854 244 1922 item
267 1856 310 1923 ad
333 1858 434 1924 Marc.
457 1857 552 1923 XXV
576 1854 613 1938 1;
637 1876 687 1939 ep.
710 1854 762 1923 93.
787 1853 839 1922 10.
929 1927 931 1935 ,

207 1980 296 2048 Hine
318 1981 474 2067 migravit
496 1981 530 2047 in
553 1979 660 2047 Taciti
684 1983 718 2047 et
741 1980 878 2047 Sueteni
900 1980 1034 2064 scripte.

164 2088 224 2155 cfr.
248 2088 353 2155 Tacit.
376 2089 456 2172 Agr.
481 2086 540 2154 44:
563 2086 707 2154 excessit
731 2087 896 2172 Agricola.

163 2195 269 2261 Tacit.
293 2214 367 2262 ann.
391 2193 421 2261 1.
444 2193 474 2261 5.
498 2193 557 2261 33:
582 2192 764 2261 excessisse
789 2196 974 2280 Augustum
997 2194 1155 2262 adfertur.

163 2301 269 2369 Tacit.
294 2321 368 2369 ann.
392 2300 422 2368 3.
446 2300 504 2368 19:
528 2320 650 2385 paucos
673 2304 749 2383 pest
772 2301 843 2369 dies
866 2301 1027 2386 Vispania
1049 2302 1202 2371 excessit.

163 2409 255 2476 Suet.
278 2411 362 2494 Aug.
385 2408 421 2475 5:
447 2410 616 2493 Augustus
639 2408 792 2477 excessit.

164 2516 256 2583 Suet.
278 2516 353 2582 Ner.
377 2514 406 2583 6.
431 2513 490 2582 19:
513 2515 583 2582 Tib.
607 2516 759 2583 excessit.

120 2622 246 2705 Quibus
277 2622 434 2706 exemplis
469 2622 580 2689 allatis
615 2626 753 2689 excedere
787 2642 853 2691 nen
886 2623 992 2691 minus
1027 2642 1124 2706 quam
1156 2626 1297 2690 decedere

120 2747 233 2796 vocem
255 2729 343 2813 piam
364 2731 600 2813 honestamque
630 2748 705 2797 esse
735 2730 856 2812 elucet3
891 2729 1055 2800 enimvero
1080 2734 1117 2797 ut
1139 2749 1297 2798 summam

120 2833 241 2903 faciam
270 2836 384 2919 exiis,
415 2855 499 2918 quae
522 2836 573 2902 his
597 2835 637 2903 de
661 2836 830 2903 vocabulis
858 2835 1042 2919 observavi,
1065 2836 1152 2903 inter
1175 2839 1296 2903 utrum-

121 2961 181 3023 que
206 2943 342 3010 verbum
365 2941 493 3009 omnine
518 2941 598 3008 nihil
620 2943 769 3009 interest.

209 3067 396 3149 sequantur
418 3063 630 3138 antecedere
654 3070 689 3133 et
712 3063 926 3155 praecedere
942 3068 1053 3149 verba„
1077 3084 1161 3150 quae
1184 3070 1295 3133 tamen

120 3192 184 3241 nen
208 3173 272 3240 nisi
295 3174 402 3240 obiter
423 3177 575 3259 tangam3
599 3174 749 3258 exempla
772 3174 873 3241 attere
896 3175 994 3242 haec:

209 3284 396 3347 carractere:
438 3282 549 3364 plures
587 3301 638 3348 me
677 3284 946 3365 antecesserunt,
989 3299 1100 3348 omnes
1139 3282 1294 3363 exspecto

120 3387 237 3473 (Orelli
259 3387 358 3455 inser.
382 3386 494 3473 6042).

163 3514 243 3579 item
266 3513 305 3579 B.
328 3511 381 3578 55.
405 3509 465 3579 17:
490 3511 655 3579 antecessi
677 3510 737 3579 leti
760 3511 854 3579 diem.

205 3622 389 3705 praecedere
412 3618 543 3686 obvium
566 3619 603 3685 fit
625 3618 707 3686 lucis
731 3618 800 3686 his:

165 3728 203 3792 B.
228 3724 331 3793 1567:
355 3745 397 3792 ne
421 3725 533 3792 doleas
556 3726 628 3807 mei,
652 3725 737 3808 quod
760 3722 979 3810 praecessi31)

166 3833 199 3900 O.
215 3832 240 3899 Ι.
257 3833 295 3898 L.
319 3834 365 3899 VI
388 3830 492 3898 9792:
523 3832 721 3915 praecedere
744 3832 888 3913 voluisti,
911 3831 1122 3899 sanctissima
1144 3831 1294 3915 coniunx,

279 3942 318 4005 ut
339 3959 391 4006 me
412 3940 615 4023 relinqueres
637 3940 672 4006 in
694 3938 856 4021 lacrimis3

165 4047 203 4113 B.
226 4044 308 4113 565:
331 4048 428 4129 pater
450 4051 680 4129 praecesserat
702 4046 777 4113 olim
801 4082 845 4093 -

165 4154 203 4218 B.
226 4151 308 4219 856:
332 4152 577 4236 praecessitque
600 4153 688 4237 prior
710 4151 884 4220 Primitiva
906 4201 914 4217 .
937 4202 945 4217 .
968 4200 976 4218 .
1000 4201 1008 4217 .

211 4347 238 4416 1)
258 4345 392 4404 Similiter
411 4362 465 4403 nos
484 4347 618 4404 dicimus:
641 4346 747 4413 „indie
766 4344 904 4415 Evquert
921 4345 1129 4413 voranqehen“.
