3142 5059
611 522 862 591 ..51....

127 720 244 787 eodem
275 738 375 788 sensu
407 716 555 785 adhiberi
586 717 743 801 exemplis
767 718 1009 785 demonstretur
1030 716 1092 784 his.
1138 716 1232 792 Cous.
1263 715 1306 782 ad

125 827 211 922 Liv.
224 846 256 895 V.
281 824 341 893 75:

292 934 370 999 cedis
393 939 421 997 et
441 936 594 998 1111111111
617 941 670 997 tue
693 935 832 1014 nomiae,
856 933 968 1012 Druse,
993 933 1143 1011 leantur,

290 1042 402 1106 altimo
423 1042 462 1105 111
477 1042 548 1127 feti
568 1042 643 1105 boec
664 1061 785 1105 semme
807 1039 945 1127 querella
968 1040 1024 1103 tui.

126 1166 191 1251 Qui
207 1185 327 1236 versus
350 1185 415 1232 non
439 1165 536 1233 aliter
556 1164 707 1248 intellegi
729 1166 869 1248 possunt
891 1166 990 1246 atque
1013 1165 1051 1228 ut
1072 1158 1306 1244 Hueonerus1)

126 1294 183 1342 eos
207 1273 450 1357 intellegendos
473 1271 653 1356 proposuit,
676 1271 731 1353 qui
750 1270 853 1340 vertit
876 1269 939 1338 sic:
962 1270 1016 1337 Du
1037 1268 1106 1336 bist
1130 1268 1229 1335 dahin
1251 1286 1307 1352 ge·

126 1400 281 1466 gangen,
315 1381 499 1465 vergebens
531 1380 676 1446 erhoben
705 1378 766 1447 wir
796 1378 861 1444 den
889 1377 961 1444 Rul
987 1377 1072 1443 nach
1102 1376 1179 1458 Dir;
1212 1381 1306 1459 mdge

125 1488 333 1573 wenigstens
364 1486 456 1553 nicht
485 1488 569 1554 noch
596 1506 680 1554 neue
707 1486 816 1570 Klage
847 1484 977 1570 tolgen3
1008 1503 1070 1550 nec
1101 1482 1198 1550 aliter
1228 1481 1307 1549 dicit

127 1594 245 1662 Seneo.
275 1594 317 1661 ad
341 1595 444 1662 Marc.
472 1594 572 1660 XXI:
602 1595 737 1661 domines
767 1596 811 1659 ed
842 1593 1051 1659 breodsimum
1079 1599 1195 1677 tempus
1224 1592 1306 1671 editi,

126 1705 187 1767 cdo
216 1705 332 1769 cessere·
358 1701 418 1790 (so.
441 1698 622 1785 morituri);
654 1700 758 1766 addas
790 1698 891 1765 etiam
912 1700 992 1765 Hor.
1015 1699 1051 1763 Π
1073 1697 1133 1764 Od
1156 1695 1176 1761 3
1200 1716 1231 1764 v.
1256 1694 1308 1762 19.

127 1808 195 1875 Sed
218 1808 440 1878 usitatissima
460 1807 603 1889 rouval,
627 1810 665 1873 ut
687 1805 816 1873 cautius
840 1805 955 1885 dicam,
979 1823 1046 1871 una
1068 1824 1110 1871 ex
1132 1802 1309 1872 usitatissi-

126 1914 189 1983 mis
214 1918 271 1983 est

629 2017 814 2092 decedere.

217 2146 413 2229 Priusquam
436 2150 546 2214 autem
568 2146 718 2230 exempla
740 2145 836 2212 huius
856 2162 935 2211 usus
950 2142 1125 2227 proferam,
1149 2161 1212 2224 quo
1227 2145 1308 2207 tem-

127 2274 208 2337 pore
233 2256 374 2320 decedere
396 2253 431 2319 in
453 2254 618 2320 notionem
641 2252 800 2320 moriendi
823 2249 955 2333 abierit,
984 2249 1116 2332 expedit
1140 2250 1309 2316 adnotare.

130 2362 289 2429 Plautum
312 2363 374 2429 hoo
388 2362 523 2430 verbum
539 2379 605 2427 non
627 2359 691 2428 nisi
711 2359 844 2444 propria
866 2356 1105 2443 significatione
1122 2355 1309 2425 adhibuisse

130 2472 165 2535 et
193 2469 391 2563 'Terentium
424 2468 551 2535 demum
586 2470 725 2534 decedere
758 2466 923 2533 translate
958 2469 1171 2549 usurpantem
1209 2463 1309 2529 anim-

130 2575 265 2645 adverti
287 2575 407 2659 optime
427 2574 665 2644 demonstravit
680 2576 715 2641 P.
731 2569 910 2658 Langend)
948 2572 1077 2639 Addam
1099 2592 1141 2639 ex
1155 2569 1310 2637 'Ferentio

130 2682 318 2766 exemplum
340 2684 410 2764 hoc,
434 2682 535 2750 Andr.
558 2680 641 2750 816:

295 2791 478 2857 desummo
499 2790 579 2855 111111
602 2790 729 2855 decedet.

131 2898 198 2965 Sed
222 2896 339 2981 magis,
362 2898 399 2964 ut
422 2896 500 2963 mihi
522 2895 663 2978 videtur,
691 2895 734 2961 ad
756 2893 921 2961 notionem
943 2897 1028 2959 meri
1049 2892 1311 2962 constituendam

132 3004 251 3072 attulit
271 3003 315 3086 id,
339 3004 424 3087 quod
446 3003 584 3089 legimus
609 3002 696 3086 apud
719 3002 877 3069 Catonem
899 3000 945 3088 (p.
967 2998 1022 3068 20.
1046 2998 1086 3067 11
1111 2998 1253 3084 Jordan)

299 3110 566 3198 Oertbeqe'ne'cnses
587 3112 624 3176 de
638 3111 770 3196 foedere
794 3112 940 3175 decessere
963 3157 971 3175 .
996 3158 1004 3173 .
1029 3131 1059 3190 .;

133 3238 233 3300 quam
249 3216 463 3284 elocutionem
479 3237 544 3284 non
560 3216 631 3283 sine
646 3215 881 3299 probabilitate
896 3214 1043 3282 imitatus
1060 3214 1172 3281 Oicero
1195 3216 1312 3297 postea

133 3328 276 3392 decedere
298 3326 336 3390 de
356 3328 419 3390 ede
442 3323 608 3393 formavit.
654 3322 715 3391 cfr.
738 3323 805 3391 Oia.
827 3343 885 3408 pro
909 3322 992 3389 Rab.
1016 3320 1075 3388 11:

297 3434 350 3518 qui
371 3435 435 3497 iem
460 3434 497 3497 de
519 3436 584 3498 cite
606 3434 800 3498 desserant.

135 3537 303 3607 Ciceronis
326 3536 428 3622 igitur
451 3538 572 3605 aetatis
603 3541 655 3606 est
677 3557 743 3606 vox
774 3539 913 3604 decedere
943 3539 981 3603 de
1003 3540 1084 3620 dte,
1122 3537 1205 3603 haec
1227 3535 1314 3602 enim

125 3646 300 3714 uetustior
322 3644 428 3712 torma
450 3644 629 3714 ferebatur.

226 3744 359 3837 Contra¹
371 3772 511 3837 decedere
534 3770 685 3839 absolute
706 3770 887 3838 adhibitum
904 3770 946 3836 ab
962 3768 1118 3835 Cicerone
1133 3767 1313 3851 ignoratur,

138 3880 238 3959 atque
268 3876 361 3944 Corn.
393 3878 501 3961 Nepos
530 3877 654 3975 primus
685 3881 755 3959 est,
785 3880 943 3959 quantum
973 3894 1035 3959 ego
1059 3873 1142 3955 vidi,
1177 3874 1232 3956 qui
1265 3873 1315 3939 ita

138 3982 279 4068 scripsit.
324 3985 502 4070 Inspicias:

228 4195 255 4267 1)
275 4195 324 4254 cir.
344 4194 437 4253 Herm.
456 4196 513 4253 vol.
532 4194 599 4253 Xlll.
617 4210 645 4266 p.
664 4198 726 4251 224.

227 4285 255 4354 2)
269 4284 317 4343 cir.
329 4284 405 4343 Petri
415 4284 531 4354 Langen
542 4284 824 4350 commentationem,
837 4296 909 4352 quae
921 4280 1091 4339 inscribitur:
1103 4281 1157 4338 Die
1166 4280 1315 4351 Metapher

141 4368 179 4425 im
197 4370 397 4431 Latermscnen
416 4388 474 4431 von
492 4373 583 4430 Plaut.
602 4372 646 4429 bis
663 4372 783 4431 Terenz.
809 4372 902 4430 Jahrb.
921 4371 939 4429 1.
958 4370 1028 4428 Phil.
1048 4372 1117 4427 1883
1135 4384 1163 4441 p.
1180 4373 1233 4427 686
1252 4385 1314 4441 sqq.

1138 4475 1153 4509 1

1119 4479 1138 4532 4
