3142 5059
747 490 969 558 -42..

272 686 381 753 Aliter
402 705 481 756 vero
504 705 557 753 res
581 705 618 754 se
641 688 742 756 babet
765 688 806 756 de
828 690 930 756 verbo

805 825 916 912 abire,

274 956 314 1023 de
331 974 392 1037 quo
408 973 494 1022 nunc
511 974 656 1040 agemus.
698 956 782 1023 Nam
797 958 835 1022 ut
849 958 935 1022 abire
948 957 1078 1040 proprie
1094 959 1147 1024 est
1168 957 1203 1023 in
1225 960 1326 1022 aliam
1349 959 1449 1023 boum

273 1066 424 1149 miprora,
456 1061 505 1131 sio
528 1062 627 1129 etiam
656 1064 767 1145 bomo,
799 1062 854 1146 qui
876 1065 1023 1130 mortuus
1054 1062 1156 1146 abiit,
1184 1082 1249 1130 uon
1274 1062 1361 1147 perit
1388 1067 1450 1130 aut

273 1168 422 1251 evanuit,
446 1169 505 1237 sed
527 1170 657 1237 tantum
679 1170 714 1236 in
736 1189 857 1239 novum
884 1169 1080 1237 domicilium
1102 1170 1291 1255 permigrat.
1336 1170 1448 1236 Enim-

272 1295 444 1346 vero‘num
458 1296 525 1345 vox
539 1276 705 1360 pulchrior
727 1279 761 1343 et
784 1275 936 1344 subtilior
959 1276 1083 1345 arcessi
1105 1277 1213 1361 potuit
1233 1276 1268 1343 in
1292 1277 1450 1345 auxilium

273 1403 392 1465 eorum,
417 1382 471 1465 qui
494 1383 607 1465 quales
631 1383 699 1450 sint
714 1384 883 1468 opiniones
898 1384 1119 1452 Romanorum
1141 1384 1182 1451 de
1204 1384 1448 1451 condicionibus

274 1492 350 1573 post
372 1493 509 1557 mortem
531 1490 712 1573 reputant?
757 1490 851 1574 Quae
882 1490 951 1557 dixi
980 1493 1018 1558 ut
1046 1491 1161 1575 paucis
1191 1510 1365 1575 exponam,
1388 1490 1450 1557 tibi

272 1597 307 1663 in
330 1596 516 1664 memoriam
547 1616 682 1666 revoces
705 1597 805 1666 velim
826 1599 957 1668 veteres
986 1601 1019 1665 et
1047 1598 1223 1682 praecipue
1244 1598 1373 1681 plebem
1393 1617 1447 1665 res

273 1702 421 1772 infernas
444 1705 542 1787 plane
566 1724 608 1771 ex
629 1704 812 1772 imitatione
827 1704 919 1773 vitae
939 1706 1102 1773 humanae
1116 1705 1220 1789 ipsius
1235 1704 1299 1773 sibi
1314 1704 1448 1771 linxisse

272 1811 322 1878 ita
344 1813 380 1878 ut
403 1813 547 1878 mortuos
570 1811 605 1877 in
628 1810 712 1878 Orco
735 1810 809 1879 vita
839 1812 934 1895 quasi
962 1832 1051 1881 nova
1077 1811 1144 1879 frui
1166 1810 1366 1880 crediderint
1387 1829 1448 1878 nec

273 1919 375 1985 multo
398 1918 495 1985 aliter
518 1921 618 2001 atque
639 1918 674 1985 in
696 1921 789 1986 terra
810 1918 901 2003 ipsa;
931 1918 980 1986 sic
1002 1919 1089 1986 enim
1110 1920 1264 1986 Plautum
1287 1919 1446 1986 dicentem

274 2025 423 2093 audimus
446 2026 487 2093 de
510 2045 612 2109 coquo
636 2026 776 2108 quodam
799 2028 911 2093 astuto
933 2026 968 2093 in
990 2026 1109 2095 Pseud.
1131 2047 1164 2095 v.
1186 2024 1266 2094 793:

433 2166 519 2231 quem
544 2144 580 2208 ob
603 2165 670 2209 com
692 2165 758 2209 rem
781 2142 841 2229 (sc.
865 2145 906 2211 ob
929 2141 1101 2229 astutiam)
1133 2144 1231 2209 Orcus
1251 2146 1384 2229 recipcre
1403 2143 1447 2207 od

433 2272 464 2316 sc
485 2252 595 2335 colcu,
619 2258 654 2315 ut
676 2258 749 2316 asset
770 2251 821 2316 bic
842 2254 897 2339 qai
918 2254 1049 2317 mortuis
1071 2273 1176 2317 cetam
1197 2258 1315 2337 cocum.

362 2376 463 2441 Porro
487 2375 626 2442 bonores
650 2375 706 2458 qui
727 2375 864 2443 mortuis
886 2375 1076 2443 tribuuntur
1091 2375 1240 2442 -subit
1261 2395 1313 2442 me
1332 2394 1445 2458 paren-

274 2481 426 2549 taliorum
449 2482 643 2565 recordatio,
666 2482 707 2550 de
730 2481 848 2566 quibus
870 2482 1000 2566 copiose
1020 2482 1177 2550 disseruit
1191 2482 1286 2551 ovid.
1301 2481 1395 2549 Fast
1413 2482 1446 2547 Π

273 2609 306 2657 v.
329 2587 483 2656 533-68
509 2627 546 2637 -
572 2609 680 2657 nonne
710 2590 897 2673 argumenti
926 2594 1004 2657 sunt
1033 2590 1077 2656 ad
1098 2589 1282 2673 opinionem
1304 2591 1445 2656 mortuos

273 2695 308 2762 iu
331 2696 480 2780 sepulcro
503 2696 656 2765 viventes
678 2697 733 2765 vel
761 2696 952 2764 habitantes
984 2716 1058 2764 esse
1080 2695 1287 2764 existimatos
1308 2697 1446 2779 proban·

274 2802 373 2871 dam?
407 2804 563 2872 Homines
587 2804 717 2887 quidem
746 2804 865 2872 mortui
895 2806 1019 2872 abeunt
1048 2824 1067 2872 e
1097 2803 1185 2886 vita,
1219 2804 1278 2871 sed
1309 2803 1446 2870 redeunt

274 2931 397 2993 manes,
420 2910 474 2993 qui
497 2912 645 2994 quamvis
661 2912 811 2996 sepulcro
830 2911 950 2979 inclusi
971 2914 1083 2979 tamen
1097 2930 1198 2980 sensu
1218 2914 1317 2994 atque
1339 2912 1446 2977 moute

275 3020 354 3085 sunt
374 3018 526 3101 praediti,
550 3019 578 3085 si
600 3018 682 3085 illud
703 3021 785 3086 salae
808 3025 867 3085 aut
888 3023 928 3084 sit
951 3020 1009 3085 tibi
1030 3025 1115 3085 tma
1131 3022 1202 3085 levis
1224 3022 1259 3086 et
1280 3018 1446 3085 titulorum

275 3144 429 3192 numerus
451 3144 666 3210 permagnus,
697 3125 813 3207 quibus
840 3125 959 3193 mortui
987 3145 1059 3192 cum
1080 3126 1152 3193 luce
1175 3125 1361 3193 fruentibus
1384 3124 1445 3191 col-

274 3233 445 3316 loquentes
475 3232 689 3314 iuducuntur,
719 3232 816 3299 huius
846 3233 894 3300 rei
922 3237 1118 3318 argumenta
1143 3233 1281 3317 proponi
1302 3234 1446 3316 possunt.

275 3340 368 3424 Quae
391 3339 499 3407 omnia
520 3359 592 3407 cnm
608 3339 923 3410 consideraverimus
939 3344 1008 3407 tum
1025 3339 1152 3407 demum
1167 3359 1263 3423 quam
1279 3340 1447 3424 eleganter

274 3465 341 3514 vox
364 3448 450 3512 abira
471 3466 529 3530 pro
553 3450 633 3512 mort
656 3446 701 3513 sit
723 3446 885 3514 arcessita
906 3447 1151 3533 intellegemus3
1182 3451 1216 3514 et
1245 3447 1357 3515 facere
1383 3464 1446 3512 non

276 3572 447 3637 possumus
468 3552 545 3635 quin
560 3552 713 3619 Plautum
728 3553 849 3637 optime
869 3555 955 3621 banc
970 3574 1083 3623 vocem
1105 3554 1358 3638 interpretatum
1375 3570 1447 3620 esse

276 3679 467 3729 censeamus
491 3660 564 3727 Cas.
586 3660 667 3743 prol.
691 3658 743 3743 17,
772 3660 829 3727 ubi
859 3680 932 3743 eos,
964 3661 1019 3744 qui
1042 3682 1060 3729 e
1082 3661 1155 3731 vita
1184 3661 1353 3743 abierunt,
1383 3678 1446 3726 non

275 3771 420 3836 mortuos
443 3767 503 3835 sed
526 3768 682 3836 absentes
706 3766 801 3835 dicit:
823 3768 962 3853 legdmus
986 3769 1072 3836 enim
1093 3769 1115 3835 l.
1138 3769 1160 3836 1.

436 3908 472 3951 cc
494 3892 663 3971 tempestate
677 3887 742 3971 flos
759 3892 925 3971 postumam
941 3886 1026 3971 fuit,
1056 3888 1112 3973 qui
1140 3906 1221 3951 nanc
1243 3885 1386 3950 abierunt
1415 3887 1448 3948 in

436 4012 626 4057 communem
650 3992 770 4057 locum:
790 3993 843 4057 scd
865 4000 967 4057 tomen
990 3992 1124 4059 ademtae
1139 3998 1272 4078 prosam
1282 4014 1343 4078 pro
1354 4012 1447 4078 proc·
1552 4075 1553 4078 Ἴ

434 4100 574 4167 scatebris.
1552 4081 1553 4100 Χ

275 4225 397 4291 Verum
426 4243 492 4291 non
522 4242 650 4307 semper
677 4226 712 4290 et
741 4224 870 4292 minime
899 4225 1010 4292 Plauti
1040 4227 1153 4293 aetate
1182 4226 1269 4291 abire
1299 4224 1449 4292 absoluto

277 4330 434 4413 occurrit;
456 4330 618 4397 interdum
641 4329 727 4396 enim
750 4330 882 4398 additur
