3142 5059
717 522 939 590 „10-

240 717 375 799 praeter
391 718 587 803 pecundum
616 736 683 784 non
712 716 778 785 uisi
800 720 995 784 medendum
1017 717 1211 801 reperitur.
1235 717 1360 784 (lontra
1380 716 1416 783 iu

240 821 347 890 titulis
370 823 609 907 sepulcralibus
632 828 715 890 mori
744 843 783 891 eo
806 824 915 891 rarius
938 843 1110 892 occurrere
1131 823 1326 904 observavi,
1353 842 1417 890 uec

241 928 276 995 id
290 929 406 997 mirum
428 934 482 997 est
503 930 598 998 uobis
614 930 900 999 considerantibus
922 930 1013 998 illam
1035 932 1159 999 siccam
1179 950 1294 999 vocem
1309 929 1416 997 miuus

241 1036 326 1103 bene
356 1036 519 1119 quadrare
547 1036 779 1121 inpietatem,
809 1056 875 1120 qua
897 1057 1004 1106 sermo
1025 1038 1220 1123 sepulcralis
1249 1037 1301 1103 uti
1321 1036 1416 1118 solet,

242 1162 338 1225 quam
361 1162 460 1212 voces
482 1144 558 1211 illas
581 1144 745 1212 dulciores
767 1144 1004 1226 suavioresque
1025 1146 1124 1227 obire,
1148 1146 1298 1228 decedere
1322 1145 1414 1227 obire,

241 1251 385 1316 madere.
429 1250 523 1335 Quae
545 1250 614 1318 dixi
629 1271 680 1319 me
694 1254 787 1319 recte
802 1253 999 1321 observasse
1013 1251 1155 1320 tidenter
1168 1251 1287 1319 credas
1307 1250 1416 1331 velim,
1559 1345 1560 1360 χ

241 1356 374 1441 longum
397 1356 484 1424 euim
506 1359 560 1425 est
581 1358 733 1442 exempla
755 1358 884 1425 afferre.

328 1464 423 1531 Haeo
444 1463 617 1547 praefatus
640 1465 684 1532 ad
705 1467 811 1533 verba
832 1485 876 1533 ex
897 1470 983 1532 mors·
1003 1465 1157 1534 derivata
1177 1467 1346 1532 transeam

569 1746 693 1832 cruori,
716 1746 865 1833 demoti,
888 1747 1085 1823 intermori.

330 1873 380 1941 Ac
409 1874 546 1958 primum
579 1874 615 1941 in
648 1876 750 1945 verbo
781 1880 879 1942 cnosi
914 1877 1089 1944 mactando
1119 1876 1198 1945 mibi
1226 1872 1416 1942 Forcellinii

241 1980 363 2048 auxilio
396 1980 490 2050 venit
523 1982 710 2064 adnotatio,
745 1983 802 2065 qui
831 1987 927 2050 oncri
955 1984 1085 2049 omuino
1114 1982 1195 2049 mori
1227 1981 1416 2067 siguificare

242 2087 363 2172 optime
385 2088 570 2173 coutendit;
600 2109 677 2156 nam
699 2090 786 2157 banc
807 2092 933 2157 rectam
960 2109 1036 2157 esse
1057 2088 1321 2157 observationem
1343 2106 1416 2155 cum

241 2194 315 2263 aliis
349 2198 419 2263 tum
452 2195 616 2263 Plautinis
650 2196 923 2279 Terentinuisque
957 2196 1133 2280 exemplis,
1170 2195 1288 2279 quibus
1320 2199 1417 2262 cnosi

241 2302 315 2370 vice
332 2307 438 2390 perire
459 2302 553 2372 verbi
576 2302 735 2387 fungitur,
757 2303 1004 2370 demonstratur
1024 2293 1106 2371 locis
1128 2303 1197 2370 bis:

286 2409 394 2477 Plaut
416 2410 492 2477 Aul
515 2407 597 2477 154:
628 2412 666 2477 ut
687 2409 819 2492 quidem
840 2409 982 2477 emoriar
1004 2410 1194 2494 priusquam
1215 2410 1333 2478 ducam
1354 2408 1416 2497 (sc.

402 2514 582 2603 feminam).

285 2622 393 2690 Plaut
415 2621 501 2690 Asin
529 2620 611 2690 810:
642 2623 742 2692 emori
771 2644 824 2691 me
853 2623 980 2706 malim,
1009 2644 1107 2708 quam
1135 2626 1220 2693 baec
1248 2643 1313 2690 uon
1343 2622 1416 2690 eius

401 2729 496 2797 uxori
518 2730 668 2799 indicem.

286 2837 396 2905 Plaut
418 2838 538 2905 Pseud
562 2836 666 2906 1222:
696 2839 807 2907 bercle
835 2843 870 2906 te
900 2840 967 2907 bau
996 2839 1104 2907 sinam
1132 2838 1249 2919 emori,
1278 2835 1344 2904 nisi
1371 2835 1416 2903 mi

402 2949 574 3031 argeutum
596 2944 753 3013 redditur.

286 3051 396 3127 Plaut.
419 3051 520 3119 Stich.
542 3050 626 3119 216:
649 3072 754 3137 paene
777 3074 850 3121 sum
872 3053 961 3120 fame
983 3055 1158 3120 emortuos.

288 3160 362 3226 'l'eu
384 3158 470 3226 Enu.
492 3159 576 3226 888:
599 3160 748 3242 emoriar,
771 3160 802 3228 si
823 3180 889 3228 nou
911 3162 999 3227 banc
1019 3178 1154 3227 uxorem
1176 3158 1310 3226 duxero.

331 3266 457 3351 Quibus
484 3266 642 3351 exemplis
666 3265 765 3334 etiam
795 3267 892 3351 plura
921 3266 1008 3335 adici
1035 3268 1192 3351 possunt,
1223 3265 1283 3333 sed
1312 3264 1417 3331 allata

243 3373 327 3442 satis
342 3392 505 3458 superque
520 3374 641 3441 docent
663 3378 762 3439 cnoss'
784 3374 829 3440 sd
850 3373 917 3442 vim
935 3372 1211 3458 pronuntiationis
1232 3371 1416 3457 augendam

242 3478 328 3564 poni
374 3480 498 3548 Contra
527 3481 652 3547 certam
682 3479 901 3547 differentiam
930 3480 1019 3547 inter
1039 3484 1138 3547 cnosi
1167 3481 1202 3547 ct
1223 3482 1307 3545 mori
1328 3477 1417 3561 apud

243 3587 421 3671 scriptores
437 3586 636 3671 posteriores
653 3585 785 3655 difficsso
808 3590 862 3655 est
880 3587 1041 3673 indagare
1055 3589 1190 3671 propter
1204 3588 1302 3652 conosi
1322 3583 1418 3651 verbi

242 3694 431 3777 radiatam
464 3692 552 3777 apud
582 3693 786 3776 ciceronem,
821 3695 1001 3776 catullum,
1031 3693 1205 3762 Horatium
1233 3690 1416 3758 infinitivus

243 3820 308 3868 uon
331 3798 396 3867 uisi
418 3800 509 3869 vocis
532 3804 630 3868 emovi
650 3801 836 3886 invenitur;
858 3804 1035 3886 propterca
1056 3802 1135 3869 sunt
1157 3798 1213 3883 qui
1235 3798 1379 3866 dixerint
1388 3795 1415 3882 1)

243 3911 341 3975 oncri
358 3910 489 3975 tautum
507 3907 663 3992 plenioris
683 3908 809 3976 formae
825 3927 928 3975 causa
942 3907 1111 3992 praeferri,
1125 3905 1161 3973 in
1176 3905 1417 3991 significatione

243 4017 355 4082 autern
388 4014 469 4083 nibil
504 4015 700 4084 discriminis
733 4016 855 4083 inesse.
907 4014 975 4083 Sed
1007 4013 1043 4081 id
1077 4012 1226 4097 quamvis
1260 4011 1415 4094 arrideat,

242 4124 354 4190 tamen
384 4121 448 4189 duo
471 4123 620 4207 exempla
650 4121 769 4191 afferre
799 4141 864 4190 uou
893 4121 1084 4207 neglegam,
1115 4140 1199 4205 quae
1227 4140 1279 4188 me
1308 4119 1416 4187 iudice

334 4370 361 4442 1)
380 4370 512 4427 Doederl.
531 4371 549 4427 l.
568 4368 586 4428 l.
604 4372 666 4427 tom
685 4368 726 4427 lll.
744 4384 772 4440 p.
792 4372 853 4426 tae
