3142 5059
595 507 818 574 ..19-

208 705 366 789 Denique,
390 725 432 773 uc
451 704 646 774 vocabulum
668 728 728 771 ηοω
749 705 973 790 neglegamus,
995 702 1201 772 verissimum
1216 700 1295 768 mihi

119 812 252 881 videtur
274 815 360 895 quod
381 812 550 883 viiidocti
564 835 624 879 ηοω
640 832 711 879 cum
726 814 828 881 verbo
844 835 949 878 ηοοονο
967 812 1142 878 cohaerere
1158 830 1294 891 eamque

121 920 256 1003 stirpem
286 920 387 987 etiam
420 920 456 987 in
486 919 622 988 vocibus
657 942 795 1001 οηοοοηο,
831 925 965 1001 enectae,
996 921 1158 984 οήιοοηοοὶο
1187 918 1294 985 latere

121 1029 319 1094 statuerunt.
365 1026 457 1111 Quod
488 1028 526 1093 ut
557 1024 714 1093 aiiirmem
745 1026 846 1093 etiam
875 1045 938 1092 usu
960 1025 1052 1094 vocis
1075 1044 1295 1108 commoveor3

120 1154 196 1200 nam
227 1134 387 1216 siqnidem
416 1133 505 1201 notio
537 1132 676 1200 nocendi
706 1132 812 1216 inest,
842 1132 1038 1201 vocabulum
1059 1154 1122 1198 ηοω
1143 1150 1209 1197 non
1231 1132 1295 1198 nisi

122 1240 163 1308 de
178 1244 283 1308 morte
298 1243 437 1308 externa
459 1241 495 1310 vi
508 1239 604 1307 illata
627 1240 692 1307 (lici
708 1240 816 1307 debet.
861 1241 971 1321 Atque
986 1258 1064 1307 vero
1087 1239 1174 1305 hanc
1188 1238 1296 1322 legem

121 1351 252 1415 secutos
268 1368 342 1418 esse
358 1348 497 1433 optimos
513 1348 633 1415 saltem
649 1347 827 1430 scriptores
844 1349 879 1412 et
900 1341 1159 1431 Doederleinii1)
1175 1344 1295 1412 iudicio

121 1462 157 1524 ct
179 1456 259 1523 meis
283 1456 569 1525 observationibus
594 1454 819 1523 confirmatum
841 1450 987 1540 habeor>

209 1564 280 1631 Iam
291 1563 566 1647 pertractavimus
583 1582 624 1629 ea
638 1562 742 1632 verba
758 1564 793 1628 et
808 1562 1029 1643 substantiva,
1045 1581 1129 1644 quae
1146 1560 1296 1645 quamvis

122 1670 232 1754 poesis
256 1669 398 1736 comicae
421 1668 554 1751 propria
578 1670 724 1735 attamen
749 1670 877 1736 omniuo
900 1688 967 1736 uon
982 1669 1053 1737 eius
1076 1670 1196 1737 finibus
1220 1688 1295 1736 con·

122 1777 286 1857 timentur,
324 1776 383 1843 sed
420 1775 497 1842 inde
535 1794 556 1839 a
594 1774 712 1840 Plauto
747 1794 807 1858 per
841 1778 945 1842 totam
978 1776 1179 1844 latinitatem
1218 1779 1295 1844 sunt

123 1885 316 1966 propagata
350 1881 449 1949 (luins
464 1881 513 1948 rei
535 1900 638 1949 causa
652 1880 688 1947 in
711 1900 749 1948 eo
766 1880 997 1965 conspicienda
1012 1887 1072 1966 est,
1096 1884 1181 1967 quod
1196 1902 1296 1953 voces

119 1994 234 2078 pavire,
260 1993 393 2073 interire,
419 1991 522 2072 lotam,
546 1991 659 2073 mecla,
682 2011 743 2055 ηοω
764 2009 834 2056 rem
857 1993 965 2056 actam
987 1989 1037 2057 ita
1058 1992 1236 2073 nominant,
1259 1994 1297 2058 ut

123 2117 160 2165 re
193 2116 274 2167 vera
308 2116 345 2164 se
377 2098 576 2180 praebebat:
605 2099 711 2183 perire
745 2099 780 2163 et
813 2100 940 2163 οήιοοηνο
966 2118 1011 2158 .-;
1037 2096 1298 2179 verschwiuden,

123 2206 227 2271 caedas
249 2227 294 2266 =
316 2205 512 2289 Totschlag‚
537 2207 631 2270 latum
652 2225 698 2267 =
720 2204 966 2289 Vernichtuug,
995 2225 1056 2269 ηοω
1077 2225 1122 2266 .-;
1145 2203 1298 2272 Sotaden

122 2312 181 2379 mit
215 2312 383 2380 tbtliclrem
417 2313 588 2397 Ausgang.
650 2310 948 2395 Quotienscumque
986 2310 1128 2394 scriptor
1160 2314 1296 2378 mortem

122 2419 259 2487 alicuius
272 2419 459 2488 accuratius
475 2418 640 2502 explicare
650 2419 794 2503 volebat,
811 2418 889 2502 quin
899 2418 951 2486 luis
967 2418 1137 2488 vocabulis
1148 2421 1299 2485 uteretur

123 2525 236 2594 facere
258 2546 324 2594 non
346 2528 486 2610 poterat.

213 2720 240 2791 1)
259 2719 430 2778 Doederlein
449 2719 466 2777 1.
486 2719 503 2776 1.
522 2722 584 2778 tom
602 2720 643 2778 lll.
662 2735 689 2791 p,
709 2723 769 2777 174.

213 2809 241 2880 2)
260 2808 321 2866 lloc
340 2809 407 2865 loco
427 2810 513 2865 etiarn
532 2810 663 2866 adnotare
681 2810 749 2865 rnihi
763 2808 847 2866 liceat
865 2810 1070 2867 nominativum
1089 2807 1221 2866 vocabuli
1238 2821 1299 2865 nex

123 2900 230 2955 tantum
249 2896 340 2955 semel
359 2910 522 2963 occnnere3
541 2897 622 2955 locus
641 2900 687 2955 est
705 2900 772 2955 hic:
792 2898 864 2956 Cic.
883 2912 953 2969 pro.
971 2897 1043 2955 Mil.
1056 2901 1104 2955 10.
1123 2897 1299 2955 insidiatori

124 3002 195 3045 vero
208 2996 238 3043 et
249 2986 364 3044 latroni
374 3000 452 3057 quae
461 2990 561 3057 potest
572 2986 685 3059 inferri
695 2987 809 3045 iniusta
820 2988 904 3045 aex?
920 2987 995 3045 Tum
1007 2989 1148 3044 rarissime
1161 2988 1297 3045 invenitur

123 3077 236 3147 pluralis
255 3090 396 3145 numerus,
417 3078 496 3135 cuius
510 3078 641 3148 exempla
660 3079 731 3135 haec
750 3077 843 3135 habeo
861 3080 989 3149 quinque,
1009 3092 1082 3148 quae
1101 3077 1216 3135 addan:
1235 3077 1296 3135 Cic¹

125 3166 188 3224 Cat
201 3166 220 3223 l.
234 3168 276 3223 18.
296 3165 357 3223 Cic.
376 3180 426 3237 pro
440 3166 565 3224 Caecina
578 3170 638 3225 100.
658 3167 719 3225 Cic.
737 3166 824 3227 Tusc.
843 3166 885 3224 lll.
898 3165 987 3225 Tacit.
1006 3169 1071 3225 hist.
1083 3166 1117 3226 V.
1135 3170 1161 3225 8.
1173 3166 1297 3225 Alteram

124 3257 209 3313 etiam
235 3254 297 3313 Cui.
322 3271 350 3312 v.
375 3257 442 3321 3103
468 3258 514 3326 qui
539 3256 621 3314 locus
646 3258 716 3313 inter
741 3256 812 3314 alios
837 3257 872 3314 ad
897 3257 1147 3314 demonstrandum
1171 3255 1296 3323 Vergilio

123 3345 179 3401 hoc
199 3358 312 3402 carmen
329 3344 402 3401 ialso
422 3344 594 3425 adscriptum
607 3359 674 3403 esse
693 3345 818 3416 prolatus
837 3349 882 3403 est
901 3348 949 3415 (ita
962 3346 1064 3404 Birtins
1084 3345 1119 3402 de
1133 3344 1296 3402 llalienticis

123 3448 151 3503 p.
169 3434 231 3503 47);
251 3446 317 3490 nam
335 3431 474 3501 Vergilius
493 3438 605 3492 mortes
623 3435 747 3493 scribere
765 3434 904 3505 praetulit.
