3142 5059
597 496 817 570 ...qq-

212 693 248 782 b)
271 713 408 762 occasus
431 714 489 778 pro
513 716 595 761 mors
618 694 834 763 adhibitum:
1296 730 1300 733 ·

169 800 234 869 tic.
245 801 367 871 Philus.
383 800 445 885 ng.
458 800 522 889 (ed
534 801 687 888 Mueller)
699 802 729 869 V
741 797 798 869 97:
814 800 990 870 iucundum
1004 802 1098 871 nobis
1114 801 1297 886 perfunctis

284 909 471 977 muneribus
486 908 637 977 humanis
655 927 807 979 occasum
830 960 838 977 .
862 960 870 977 .
893 960 902 980 .
926 910 1020 992 quasi
1043 909 1185 992 quietem
1207 909 1298 980 vitae

283 1016 356 1083 fore
379 1067 386 1084 .
410 1067 418 1084 .
441 1067 449 1085 .

117 1123 202 1191 item
216 1122 251 1190 in
266 1122 331 1191 Pis.
347 1122 408 1207 343
431 1123 617 1206 Acad18;
645 1142 730 1206 quae
752 1122 819 1192 tria
838 1124 987 1207 exempla
1008 1124 1096 1207 apud
1110 1123 1299 1191 Ciceronem

118 1232 253 1297 tantum
276 1232 460 1298 occurrunt.
505 1231 685 1299 Praeterea
706 1230 784 1298 mihi
807 1234 940 1315 praesto
964 1235 1042 1297 sunt
1064 1232 1162 1299 haec:

168 1337 264 1405 Oorn.
287 1337 367 1421 Nep.
390 1337 483 1405 Eum.
508 1336 567 1406 13:
590 1341 665 1422 post
687 1337 784 1406 huius
807 1337 867 1424 (33.
889 1335 1085 1423 Alexandri)
1108 1356 1275 1418 occasum3

168 1446 207 1511 B.
230 1441 311 1511 640:
340 1444 478 1529 pignore
508 1464 584 1512 carc
615 1448 725 1513 tamen
748 1465 889 1515 vacuum
918 1446 1029 1514 soluta
1057 1444 1163 1513 cubile
1189 1443 1300 1528 pergit

285 1552 328 1618 31
352 1570 505 1634 3333333;

169 1658 208 1725 Β.
232 1655 336 1727 1559:
360 1661 453 1726 ortus
476 1662 510 1725 et
533 1677 680 1744 oeceses,
703 1659 1012 1742 vitaque‘morsque
1034 1658 1148 1726 itidem
1171 1660 1233 1726 est.

350 1815 400 1891 lle
424 1816 552 1891 obire
575 1837 665 1892 voce
689 1836 753 1908 pro
778 1817 868 1892 mori
893 1818 1077 1909 usurpata.

215 1945 360 2012 Verbum
381 1945 466 2011 obire
487 1948 524 2012 ut
547 1965 647 2029 supra
662 1967 693 2030 p.
708 1944 752 2011 40
776 1966 818 2013 ex
841 1945 1063 2029 disputatione
1086 1947 1301 2030 cognatarum

121 2070 241 2121 vocum
265 2052 466 2119 secluderem
490 2072 528 2120 eo
547 2052 708 2120 adductus
724 2072 804 2134 sum,
828 2052 922 2134 quod,
945 2040 988 2119 ut
997 2050 1154 2135 exemplis
1171 2051 1301 2117 demon-

121 2160 257 2240 strabo,
287 2158 383 2226 huius
406 2160 499 2228 verbi
530 2158 802 2244 significationem
828 2161 988 2226 mutatam
1011 2178 1086 2227 esse
1109 2156 1300 2239 observavi3
1384 2183 1386 2186 ·

122 2266 194 2333 3113
223 2265 308 2333 enim
339 2269 392 2333 331
422 2266 618 2351 significatio
641 2266 735 2335 verbi
758 2267 843 2332 obire
870 2265 1021 2333 absolute
1049 2264 1204 2347 adhibiti,
1235 2262 1302 2329 alia

122 2393 198 2441 cum
223 2374 413 2443 accusativo
437 2373 617 2457 coniuncti3
647 2373 768 2441 locutio
797 2382 925 2440 morum
948 2374 1031 2439 obire
1059 2372 1187 2457 legibus
1219 2370 1301 2437 31113

121 2480 361 2565 grammaticae
384 2481 482 2565 plane
504 2481 690 2565 respondet,
714 2499 786 2548 cum
810 2481 895 2548 obire
913 2480 1001 2547 nude
1015 2479 1157 2564 positum
1173 2480 1302 2546 tantum

124 2586 224 2669 absit,
237 2590 274 2653 ut
285 2588 328 2654 31
339 2587 503 2671 propriam
515 2587 787 2673 significationem
800 2588 947 2669 accedat,
962 2589 999 2654 ut
1011 2590 1127 2655 contra
1137 2586 1303 2654 notionem

123 2713 246 2762 novam
262 2697 411 2776 quaeest
424 2697 556 2762 credor
572 2697 728 2763 assumat
751 2694 958 2779 Praepositio
976 2694 1014 2760 ob
1028 2693 1131 2780 igitur
1145 2694 1180 2762 vi
1190 2693 1304 2764 111113

125 2801 251 2869 amissa
273 2820 346 2868 cum
369 2802 472 2885 stirpe
495 2806 543 2867 ire
571 2801 606 2867 in
630 2821 728 2873 uuam
750 2802 916 2869 notionem
944 2800 1083 2868 confusa
1111 2804 1172 2867 eet.
1211 2800 1303 2883 Quae

127 2927 200 2975 cum
223 2908 273 2975 ita
294 2909 378 2991 sint,
408 2911 445 2975 ut
475 2905 649 2977 discrimen
680 2908 841 2976 iaciamus
870 2908 958 2975 inter
986 2910 1158 2990 utramque
1180 2925 1303 2989 vocem,

128 3015 238 3083 divido
261 3015 323 3083 sic:

281 3117 286 3129 ⁸
365 3138 512 3221 3131113
533 3142 558 3207 I
575 3139 828 3225 praepositionis
851 3140 1053 3209 113311313

363 3245 400 3333 b)
424 3247 506 3314 obire
529 3248 569 3314 Il
590 3247 843 3332 praepositionis
866 3247 901 3317 vi
924 3247 1065 3315 sublata.

219 3372 286 3438 Sub
311 3373 394 3438 obire
415 3374 441 3439 I
459 3372 658 3457 redigendae
681 3374 759 3440 sunt
781 3390 880 3441 voces
911 3380 1052 3455 matera,
1084 3375 1179 3455 diem,
1212 3373 1304 3437 letum

130 3481 220 3564 obire,
245 3479 285 3546 13
309 3478 425 3561 quibus
448 3498 549 3563 supra
571 3501 601 3564 p.
616 3478 659 3546 40
675 3498 745 3562 sqq.
769 3478 972 3563 disputatum
994 3482 1056 3547 331.

219 3587 287 3654 Sub
314 3587 398 3653 obire
420 3586 465 3652 ΙΙ
491 3587 625 3673 redigas
648 3587 746 3657 velim
769 3589 804 3654 31
832 3588 916 3655 obire
946 3587 1096 3656 absolute
1124 3586 1305 3653 adhibitum

130 3697 164 3760 31
187 3713 244 3761 eas
266 3694 465 3775 locutiones,
496 3695 610 3776 quales
638 3697 716 3764 sunt
738 3703 849 3779 331113,
866 3696 1096 3782 sulmonem
1118 3694 1217 3774 obire,
1250 3692 1305 3775 qui

131 3798 270 3869 ablativi
292 3820 358 3868 non
379 3800 443 3869 nisi
466 3803 623 3885 percepta
646 3803 728 3868 obire
743 3800 837 3870 verbi
859 3799 1109 3884 signfficationis
1124 3798 1305 3866 mutatione

129 3905 280 3991 intellegi
301 3912 449 3991 possunt.

80 4082 82 4087 .
117 4027 124 4038 ’
218 4017 290 4084 Iam
304 4035 382 4084 vero
399 4019 605 4101 quaerentes,
629 4015 787 4098 quomodo
802 4014 927 4083 factum
942 4014 995 4096 sit,
1023 4015 1061 4080 ut
1082 4013 1167 4079 obire
1190 4032 1211 4079 a
1232 4032 1305 4096 pro-

131 4121 205 4204 pria
227 4120 467 4206 significatione
483 4123 672 4207 decesserit,
694 4122 752 4193 111
767 4140 915 4191 erramus
931 4120 1167 4188 contendentes
1184 4119 1306 4187 auxilio

132 4224 245 4296 vocari
267 4244 364 4309 pesse
386 4227 591 4311 Lucretium
614 4248 691 4297 nam
711 4228 888 4302 Lucretius
911 4228 1034 4313 primus
1057 4229 1118 4309 331,
1148 4226 1203 4310 qui
1226 4227 1308 4293 obire

134 4330 174 4397 de
196 4347 338 4399 occasu
360 4330 529 4403 siderum
552 4332 710 4419 adhibuit,
733 4352 797 4419 quo
809 4334 965 4405 1331111113
986 4330 1191 4419 intellegitur
1212 4350 1307 4417 proe-

882 4499 885 4504 .
1128 4455 1146 4512 1
