3142 5059
730 459 949 528 ..40-

340 656 435 725 Nunc
459 655 501 723 ad
523 654 703 739 composita
725 657 996 739 transgressurus
1018 652 1156 738 primurn
1178 651 1309 737 profero

784 792 896 870 obire.

340 924 413 990 Hoc
441 922 475 989 in
498 924 600 991 verbo
630 922 823 1005 mactando,
854 922 1005 1005 quoniam
1036 920 1126 989 obire
1158 923 1193 988 et
1219 922 1370 989 absolute
1395 924 1439 988 et

253 1029 364 1097 addito
396 1028 504 1113 aliquo
535 1029 744 1098 substantivo
774 1029 861 1097 idern
892 1048 932 1096 aa
958 1032 1042 1094 mori
1070 1027 1257 1113 siguificare
1288 1030 1438 1110 constat,

252 1136 527 1221 praemittendum
557 1140 610 1204 est
639 1138 701 1204 boc
730 1137 802 1204 loco
834 1156 899 1204 uon
928 1135 993 1204 uisi
1024 1134 1064 1202 de
1091 1135 1291 1219 plenioribus
1314 1134 1437 1201 fonnis

252 1246 287 1311 et
316 1243 405 1311 infra
435 1243 562 1310 demum
592 1244 656 1311 alio
686 1244 720 1311 in
744 1256 853 1311 rerum
876 1262 1002 1310 conexu
1025 1242 1066 1310 de
1089 1244 1172 1309 obire
1193 1262 1253 1326 per
1276 1262 1312 1310 se
1335 1261 1437 1309 usur-

252 1354 330 1436 pato
353 1370 404 1417 me
428 1370 501 1418 esse
526 1350 758 1434 expositurum.
795 1350 1014 1419 Inveniuntur
1028 1349 1191 1433 pleniores
1209 1348 1334 1417 formae
1349 1350 1438 1416 bae:
1544 1375 1545 1428 ι

343 1474 377 1561 a)
400 1482 530 1543 mortem
546 1477 637 1559 obire,
658 1495 742 1557 quae
758 1478 811 1542 est
826 1474 1055 1559 antiquissime
1069 1476 1186 1542 harum
1201 1474 1439 1558 formularum3

252 1582 375 1668 legitur
398 1582 482 1650 enim
504 1583 571 1649 iam
594 1582 680 1666 apud
702 1582 845 1651 Plaut.
835 1603 870 1650 ιιι
892 1582 967 1650 Aul.
991 1583 1071 1666 prol.
1096 1580 1155 1649 io:
1177 1583 1266 1649 ubi
1253 1605 1279 1648 us
1301 1591 1437 1648 morum

254 1691 346 1773 obiit;
373 1688 431 1757 cir.
456 1689 556 1756 etiam
579 1690 653 1757 Ter.
678 1691 799 1758 Heaut.
823 1688 906 1773 2713
936 1691 1065 1757 Phorm.
1090 1687 1193 1772 1019;
1220 1689 1323 1757 Andr
1346 1688 1438 1773 2223

254 1796 309 1879 qui
333 1799 411 1863 usus
434 1796 552 1864 deiude
574 1818 633 1881 per
656 1800 760 1865 iotam
782 1796 983 1865 latinitatem
1006 1799 1059 1863 est
1080 1799 1294 1881 propagatus.

343 1922 530 1989 Lucretium
566 1922 665 1990 etiem
699 1922 836 1990 formam
872 1926 965 1995 letum
1001 1924 1083 1989 obire
1116 1922 1326 1990 adhibentem
1361 1922 1437 1991 vidi

254 2027 409 2097 V1420:

465 2128 500 2185 ui
523 2122 618 2186 letum
639 2122 759 2185 insidiis
779 2123 834 2207 'qut
855 2123 945 2206 possit
961 2123 1088 2206 primus
1110 2120 1214 2185 obiret.

343 2245 482 2311 Praeter
504 2266 586 2310 mors
609 2242 676 2310 alia
698 2243 910 2312 substantiva
933 2244 1095 2311 accedunt
1116 2245 1215 2311 haee:

571 2370 644 2452 dics,
668 2371 731 2435 dies
752 2391 834 2451 suus,
858 2372 922 2435 dies
942 2390 1112 2457 supremus.

345 2493 365 2558 b
404 2494 487 2558 diem
510 2494 613 2559 obire:

299 2488 408 2683 Pleuit.
420 2617 506 2684 Meu.
518 2618 598 2700 prol.
611 2615 667 2684 62:
679 2620 807 2684 eundern
818 2619 957 2685 hredun
964 2620 1051 2707 sccii,
1068 2642 1159 2707 quom
1170 2623 1233 2705 ipse
1245 2621 1319 2685 obiit
1332 2623 1435 2703 diem3

300 2722 376 2790 ibid.
399 2725 499 2792 Poen.
523 2725 603 2808 prol.
627 2723 686 2809 71;
710 2724 992 2810 dist.613;nu1.
1016 2727 1096 2811 prol.
1119 2725 1173 2818 20.

256 2848 382 2917 Eadem
405 2849 510 2917 oratio
533 2850 701 2919 iuvenitur
722 2850 804 2919 locis
827 2851 898 2919 his:

301 2973 395 3041 Corn.
418 2974 498 3057 Nep.
520 2975 616 3044 Dion.
640 2974 692 3043 10.
715 2974 752 3059 33
776 2976 867 3043 Suet.
889 2976 960 3043 Tib.
980 2974 1021 3059 44;
1043 2976 1082 3043 Β.
1107 2973 1203 3043 1521.

346 3081 486 3149 Onusam
510 3086 619 3150 autern
639 3102 697 3150 our
711 3103 770 3167 pro
785 3102 874 3151 mors
890 3086 953 3151 dire
968 3084 1172 3167 supponatur
1186 3083 1265 3151 Otto
1280 3084 1395 3152 Keller
1405 3082 1433 3171 1)

257 3186 377 3271 optime
401 3187 652 3274 demonstravit,
681 3191 739 3273 ¹qui
759 3192 825 3258 heo
846 3190 880 3257 in
902 3210 948 3272 re,
975 3193 1014 3257 ut
1035 3190 1106 3258 eius
1128 3190 1239 3258 verbis
1263 3194 1354 3275 utar,
1377 3192 1434 3259 ein

258 3294 480 3379 spracbliohes
528 3296 638 3365 Mittel
687 3317 746 3365 zur
791 3297 993 3382 Erzeugung
1039 3297 1098 3364 des
1143 3296 1434 3385 Euphemismusb

258 3509 340 3563 totus
356 3506 486 3564 excessit
500 3508 682 3581 paulumque
698 3522 811 3580 supra
822 3522 880 3567 nos
895 3513 1096 3568 commoratus
1108 3509 1177 3568 dum
1190 3514 1432 3582 expurgatur...

259 3594 317 3652 Sed
339 3610 375 3653 ne
400 3596 500 3654 credas
519 3596 636 3655 Stoicos
659 3600 765 3668 primos
790 3601 862 3656 hanc
888 3600 1050 3670 opinionem
1075 3601 1281 3670 propagavisse
1304 3613 1434 3670 provoco

258 3684 293 3741 ad
322 3684 440 3743 Maassii
477 3688 747 3755 commentationes,
784 3689 832 3759 qui
863 3690 907 3746 vir
943 3690 1126 3747 doctissimus
1163 3689 1190 3745 in
1227 3687 1311 3755 libro,
1347 3702 1432 3759 quem

260 3772 398 3844 Orpbeus
416 3776 565 3847 inscripsit,
585 3791 649 3834 eam
668 3792 704 3835 ex
723 3777 849 3848 Orphica
867 3777 1002 3847 religione
1022 3776 1140 3835 linxisse
1160 3778 1268 3847 optime
1286 3779 1431 3847 exposuit;

258 3864 337 3921 cuius
368 3867 536 3923 sententiam
565 3869 722 3937 nuperrime
755 3867 903 3938 ampiexus
934 3869 981 3924 est
1011 3864 1041 3923 Ε.
1072 3864 1184 3923 Norden
1219 3867 1247 3923 in
1284 3881 1431 3925 commen·

258 3953 329 4009 tario
353 3953 388 4010 ad
405 3953 490 4023 Verg.
509 3954 555 4012 lib.
573 3954 610 4012 Vl
628 3971 704 4014 vers.
723 3959 784 4023 887,
809 3956 856 4013 ubi
880 3968 946 4012 eum
970 3953 1006 4011 de
1024 3968 1100 4012 voce
1125 3955 1209 4012 aeris
1230 3956 1329 4027 campi
1345 3956 1431 4013 verbe

258 4040 409 4113 [scientem
427 4043 630 4113 observamus3
649 4046 676 4103 in
693 4045 763 4116 prol.
782 4058 810 4115 p.
829 4046 864 4101 23
882 4058 945 4113 sqq.

349 4133 376 4203 1)
395 4132 412 4190 l.
431 4132 448 4189 i.
467 4147 494 4204 p.
514 4136 556 4191 70.

347 4221 376 4291 2)
395 4222 453 4280 liae
471 4224 500 4280 in
518 4237 548 4279 re
566 4225 643 4280 certe
661 4224 788 4293 positum
810 4225 868 4290 est,
893 4223 969 4293 quod
987 4222 1104 4284 Plautus
1127 4224 1259 4281 omnibus
1281 4225 1310 4281 in
1332 4222 1431 4281 fabulis

259 4309 380 4369 formam
398 4314 521 4369 mortem
539 4310 623 4370 odire
640 4324 697 4369 non
715 4312 769 4369 nisi
788 4312 879 4371 semei
898 4312 1020 4371 adhibuit
1038 4312 1107 4384 (vid.
1125 4312 1187 4371 Aul.
1206 4312 1275 4383 prol.
1294 4329 1322 4372 v.
1342 4312 1396 4382 16).

1544 4037 1546 4114 ι

1544 4227 1546 4334 l

1543 4421 1546 4546 Ι
