3142 5059
610 511 829 616 -495-

179 707 292 775 Senec.
315 706 359 774 ad
381 707 483 775 Marc.
510 706 576 775 XX
598 704 636 774 3:
667 726 733 773 nou
755 708 811 775 est
831 705 1004 774 molestum
1030 702 1170 786 servire,
1200 702 1255 769 ubi
1278 700 1308 768 si

294 814 415 882 domini
437 816 624 899 pertaesum
648 817 709 898 est,
739 814 818 882 licet
840 832 905 879 uno
927 811 1033 898 gradu
1057 811 1099 878 ad
1120 811 1309 878 libertatem

292 922 445 1013 transire.

62 1100 64 1105 ,
179 1028 292 1096 Senec.
323 1048 372 1113 ep.
403 1027 457 1097 65.
485 1026 546 1096 24:
575 1048 637 1096 nec
667 1028 818 1095 desinere
847 1026 946 1094 timeo
970 1078 978 1095 .
1002 1078 1010 1093 .
1033 1076 1041 1095 .
1064 1044 1126 1105 uec
1155 1022 1308 1107 transire,

294 1136 371 1218 quia
393 1154 553 1217 nusquam
575 1138 645 1203 tam
668 1138 810 1221 anguste
832 1154 898 1203 ero.

179 1242 293 1311 Senec.
316 1263 367 1327 ep.
389 1240 441 1310 93.
466 1240 525 1310 10:
551 1262 655 1326 aeque
678 1262 832 1328 magnum
854 1244 959 1309 habeo
983 1240 1134 1321 animum,
1157 1238 1256 1305 etiam
1279 1237 1308 1306 si

293 1369 452 1432 nusquam
475 1350 676 1418 transiturus
700 1350 832 1417 excedo.

133 1456 261 1525 Seneca
282 1457 333 1525 bis
356 1457 437 1524 locis
460 1457 574 1524 eodem
596 1457 667 1524 iure
690 1460 772 1523 exire
795 1475 916 1541 ponere
938 1455 1054 1539 potuit.

222 1564 316 1631 Nunc
339 1583 436 1647 vero,
459 1566 633 1647 postquam
656 1564 696 1631 de
719 1563 831 1634 verbis
855 1561 1110 1647 disputavimus,
1140 1560 1181 1627 de
1212 1561 1316 1627 sub-u

132 1670 349 1740 stantivis
380 1670 457 1753 quid
488 1671 559 1737 erui
586 1670 693 1754 possit
722 1670 902 1739 videamus.
947 1670 997 1735 Ac
1020 1667 1157 1752 primum
1181 1666 1309 1749 quidem

132 1782 168 1844 te
192 1796 390 1863 cognoscere
413 1777 511 1846 velim
530 1777 641 1847 verbis
666 1778 756 1859 obire,
780 1777 876 1862 abire,
901 1779 992 1859 coire,
1017 1778 1151 1841 transire
1173 1790 1307 1857 respou-

132 1885 211 1951 dere
233 1885 370 1951 totidem
393 1884 605 1951 substantiva
626 1883 721 1951 velut
743 1884 854 1965 obitus,
878 1884 990 1965 obrue,
1017 1885 1126 1964 eadm,
1151 1884 1308 1962 transitus,

133 2010 218 2073 quae
252 1992 361 2059 omnia
393 1991 429 2058 in
462 1990 627 2058 notionem
660 2012 746 2056 mes
780 1990 932 2057 abierunt
968 1988 1176 2058 substantivo
1212 1988 1311 2053 abdue

133 2098 333 2165 solummodo
357 2100 504 2182 excepto.
542 2099 632 2182 Ergo
656 2098 756 2164 obitas
779 2117 821 2164 ex
844 2094 1067 2180 disputatione
1090 2095 1311 2176 eximendnm3

132 2224 229 2288 porro
253 2204 352 2273 etiam
376 2206 417 2272 de
442 2205 556 2290 obitus,
588 2204 742 2286 quoniam
765 2204 809 2270 ad
831 2204 917 2270 hanc
939 2221 1053 2270 vocem
1075 2200 1165 2270 inira
1187 2199 1310 2282 redibo,

132 2332 185 2379 me
208 2312 450 2395 disputaturum
480 2331 554 2379 esse
583 2312 738 2378 hocloco
762 2311 829 2379 noli
853 2313 1056 2395 exspectare.
1100 2309 1312 2392 Reliquorum

133 2421 243 2487 autem
271 2419 551 2488 substantivorum
579 2418 839 2488 vetustissimum
869 2417 1184 2498 usitatissimumque
1214 2418 1312 2481 cedes

132 2527 272 2610 primum
293 2527 399 2594 locum
422 2526 580 2593 obtineat

223 2634 425 2701 Vocabulum
448 2629 564 2706 exitus
583 2633 653 2702 sive
670 2637 732 2699 otto
748 2632 957 2706 substantivo
974 2631 1086 2699 addito
1102 2631 1174 2700 sive
1191 2629 1310 2698 omisso

133 2744 270 2808 mortem
293 2740 527 2823 uniuscumque
550 2740 682 2825 generis
705 2740 880 2825 significat,
912 2759 976 2822 qua
999 2739 1040 2807 de
1063 2759 1099 2806 re
1121 2758 1183 2805 nec
1204 2738 1311 2805 minus

133 2853 270 2932 propter
305 2866 385 2914 usus
419 2846 638 2930 frequentiam
671 2848 755 2914 haec
789 2866 855 2914 vox
888 2846 1014 2913 notioni
1047 2868 1133 2911 mors
1166 2845 1311 2928 proxime

134 2956 271 3024 accedit.
316 2956 478 3038 Exempla
505 2974 577 3022 cum
605 2953 712 3022 ubivis
744 2953 812 3021 sint
842 2953 957 3035 obvia,
979 2952 1092 3019 Plauti
1113 2951 1311 3033 'Ferentique

132 3061 256 3130 fabulis
280 3082 361 3129 sane
384 3062 540 3145 exceptis,
563 3063 646 3129 haec
669 3060 752 3128 satis
775 3061 881 3127 habeo
905 3059 1036 3127 afferre:

181 3173 279 3235 cuites
301 3174 400 3235 oitee:
422 3169 503 3251 Nep.
518 3169 612 3236 Eum.
629 3166 680 3235 13.
696 3166 734 3234 2:
756 3170 810 3233 sed
828 3169 1037 3233 Menedemum
1055 3168 1197 3253 posaeo
1220 3167 1312 3231 wem

294 3278 403 3343 bobert
427 3280 539 3342 mrem
562 3279 642 3342 vitoe
665 3274 726 3359 (sc.
748 3270 946 3359 Eumenes);

181 3383 284 3450 addas
308 3383 397 3451 Suet.
421 3383 533 3451 Claud.
556 3381 609 3450 43.
632 3380 692 3449 25:
715 3384 769 3447 acb
792 3385 876 3447 celtu
897 3384 985 3446 abac.

134 3490 239 3556 Multo
257 3492 366 3557 autem
382 3490 513 3573 saepius
535 3494 634 3557 eece
657 3488 808 3557 absolute
831 3487 1022 3570 adhibetur;
1044 3486 1109 3553 iam
1125 3486 1312 3553 Ciceronem

135 3596 333 3664 scribentem
356 3599 569 3665 observamus
592 3599 661 3664 nat.
684 3596 772 3663 deor.
795 3596 848 3662 ΠΙ
870 3592 932 3662 89:

296 3726 507 3793 aooemqeem
531 3705 623 3770 bonos
646 3707 743 3770 caitae
764 3703 874 3769 hebent
897 3704 988 3786 boei;

182 3810 260 3878 item
276 3811 357 3895 Nep.
369 3812 468 3877 Phoc.
484 3808 514 3879 4.
527 3808 563 3877 3:
578 3812 659 3876 benc
674 3815 755 3877 eoc'm
770 3814 885 3876 ceilam
896 3812 1038 3896 plerc'quc
1052 3811 1114 3872 ciri
1127 3808 1311 3874 babuerunt.

134 3919 282 3985 Utuntur
311 3918 374 3984 hac
405 3916 587 3986 elocutione
618 3918 795 4002 scriptores
829 3915 1029 4000 posteriores
1053 3933 1190 3996 ,quoque
1220 3914 1313 3982 velut

182 4024 295 4092 Senec.
327 4022 538 4107 ep.70.14:
567 4026 799 4112 exspectandam
827 4044 886 4089 ease
916 4025 1046 4103 avem,
1078 4044 1166 4109 quern
1194 4028 1312 4087 uetere

297 4134 445 4214 decrevit,-

182 4237 286 4305 addas
316 4237 399 4305 Plin.
423 4239 492 4305 nat.
519 4237 595 4305 hist.
626 4237 657 4305 8.
680 4234 733 4304 74.
756 4234 795 4318 3;
826 4235 916 4303 Suet.
939 4236 1028 4319 Aug.
1046 4231 1105 4317 993
1136 4234 1230 4302 Caes.
1252 4231 1311 4316 353

298 4344 368 4411 Tib.
392 4340 444 4415 45.

1132 4462 1153 4519 4
