3142 5059
760 507 982 575 „22-

329 701 368 768 Β.
385 696 472 767 Ι171ε
495 702 533 768 ut
555 705 688 788 caperet
712 704 811 772 tellus
834 702 1026 787 periuratos
1048 702 1120 771 vita
1141 702 1251 771 beata.

329 809 366 875 B.
391 806 472 876 110:
495 829 560 877 non
583 813 621 877 ut
643 810 762 880 meruit
783 811 856 880 vita
878 810 994 877 funeta
1017 812 1070 877 est
1092 809 1211 878 subito.

373 950 409 1038 b)
433 953 561 1021 accedit
584 977 666 1021 mors

329 1060 424 1130 Ovid.
453 1064 528 1130 met.
551 1063 610 1129 XI.
634 1060 716 1129 583:
747 1065 783 1128 11
813 1061 877 1129 dea
905 1080 972 1128 neu
1002 1061 1090 1128 ultra
1119 1080 1178 1144 pru
1208 1061 1322 1129 funeta
1354 1064 1459 1130 morte

443 1168 555 1254 rogari
578 1221 585 1236 .
610 1221 616 1236 .
642 1221 648 1237 .
672 1169 823 1237 sustinet.

329 1276 418 1343 Suet.
442 1274 536 1343 Caes.
560 1273 620 1342 89:
642 1295 748 1360 neque
771 1295 833 1343 sua
855 1281 960 1343 morte
983 1275 1158 1343 defunctus
1181 1278 1242 1343 est.

330 1384 433 1449 addas
457 1382 556 1449 etiam
580 1377 668 1451 Ourt.
689 1380 796 1450 3.11:
820 1382 909 1449 eirea
931 1402 1059 1450 currum
1074 1383 1169 1450 Darii
1190 1383 1346 1450 iacebant
1367 1382 1459 1450 uobi-

444 1489 560 1557 lissimi
576 1490 684 1572 duces,
708 1493 787 1557 ante
802 1490 914 1557 oeulos
928 1490 1018 1575 regis
1034 1490 1169 1575 egregia
1183 1493 1287 1558 morte
1303 1490 1460 1557 defuncti.

375 1632 406 1715 r)
432 1632 696 1720 anconitanae

329 1737 506 1808 11113.
531 1737 567 1805 9:
597 1742 666 1806 tum
697 1760 769 1807 eum
797 1759 968 1824 permenso
999 1740 1175 1809 defunctus
1203 1743 1349 1825 tempore
1375 1739 1460 1808 lunis

444 1847 551 1915 nudus
573 1848 724 1915 Lethaea
747 1867 884 1933 cogerer
904 1848 954 1915 ire
976 1852 1060 1917 rate.

375 1988 410 2076 d)
434 1990 564 2058 aceedit
576 1992 685 2079 fatum

331 2098 424 2167 ovid.
440 2101 515 2166 met.
531 2098 590 2166 XI.
605 2098 687 2167 559:
710 2118 790 2184 pars
805 2119 927 2184 magua
941 2098 1086 2168 virorum
1104 2098 1176 2167 fato
1192 2100 1309 2168 funeta
1324 2119 1382 2167 suo
1399 2103 1460 2167 est.

330 2207 368 2275 Β.
392 2206 495 2274 1218:
518 2207 683 2291 perfuncti
706 2207 776 2274 fato
800 2207 854 2275 hie
876 2210 1012 2275 tenuere
1034 2208 1149 2276 locum.

375 2347 408 2434 e)
432 2351 594 2417 accedunt
616 2374 723 2417 aarum
746 2352 780 2417 et
803 2360 887 2417 aetas

331 2458 368 2524 B.
392 2455 474 2524 644:
504 2458 649 2525 condidit
678 2458 732 2525 hie
759 2461 865 2525 mater
891 2461 1005 2525 natum
1029 2479 1111 2527 aevu
1135 2459 1284 2527 functum
1308 2464 1460 2545 angusto.

331 2565 445 2632 Senee.
469 2565 511 2631 ad
533 2565 635 2632 Marc.
658 2564 710 2631 22.
734 2564 771 2632 4:
795 2568 907 2632 aetate
930 2566 1114 2634 defunctus

374 2708 479 2775 Multo
514 2711 623 2775 autem
654 2709 750 2791 plura
783 2710 933 2791 exempla
967 2711 1061 2789 sunt,
1096 2709 1212 2791 quibus
1246 2712 1329 2777 haee
1358 2712 1462 2778 verba

287 2815 437 2882 absolute
474 2835 532 2898 pro
571 2820 654 2881 mori
690 2815 801 2899 posita
837 2816 1064 2899 inveniantur3
1102 2837 1208 2900 neque
1246 2837 1311 2899 qna
1349 2819 1461 2885 aetate

285 2920 414 2988 initium
435 2921 592 3005 imprimis
616 2923 740 3007 ceperit
768 2923 822 2989 hie
844 2942 923 2990 usus
950 2923 1149 3008 ignoramus.
1193 2924 1277 2990 Nam
1301 2927 1463 3007 argentea

285 3028 452 3095 latinitate
482 3032 516 3095 et
546 3032 663 3114 postea
693 3050 765 3097 eum
792 3030 932 3097 maxime
954 3029 1101 3115 viguisse
1125 3031 1220 3113 eopia
1242 3031 1462 3115 exemplorum

286 3136 421 3218 probat;
445 3136 503 3202 sed
525 3139 636 3203 tamen
659 3156 701 3203 ne
724 3136 892 3217 terminus,
916 3136 945 3203 si
964 3136 1014 3203 ita
1027 3136 1218 3220 iudicamus
1241 3158 1355 3221 purum
1370 3141 1462 3205 reete

287 3242 508 3310 constituatur
522 3261 648 3325 vereor,
672 3243 824 3326 quoniam
847 3263 889 3311 ex
912 3263 1013 3311 aurea
1036 3263 1163 3328 quoque
1181 3245 1348 3313 latinitate
1363 3265 1462 3313 unum

287 3350 485 3433 exemplum,
520 3370 581 3432 quo
611 3352 742 3438 dasauyr'
777 3352 928 3419 absolute
959 3357 1151 3433 usurpatum
1186 3353 1343 3435 oeeurrit,
1384 3353 1463 3420 mihi

286 3459 420 3538 praesto
444 3458 511 3523 est:

332 3580 426 3650 ovid.
457 3601 556 3648 amor.
585 3582 612 3650 I.
635 3583 665 3649 8.
697 3581 778 3650 108:
808 3604 897 3670 saepe
925 3585 1005 3649 mihi
1034 3585 1113 3651 1111
1142 3588 1226 3651 uiuae
1257 3586 1343 3666 bene,
1374 3607 1463 3672 saepe

446 3690 569 3775 1191111
591 3696 626 3755 ut
648 3712 716 3756 maa
740 3691 901 3773 defunctae
923 3692 1059 3757 molliter
1082 3713 1150 3758 ossa
1173 3692 1287 3757 rubent.

287 3816 357 3881 Iam
396 3815 505 3881 autem
543 3814 621 3881 mihi
660 3814 795 3881 obiiciat
833 3814 950 3897 aliquis
989 3816 1089 3883 etiam
1120 3817 1253 3903 suuntur
1290 3817 1465 3900 Augustea

288 3922 400 3987 aetate
423 3921 574 3988 absolute
596 3924 788 4005 usurpatum
811 3921 952 3989 inveniri
979 3922 1086 3988 lunum
1109 3942 1151 3989 ex
1174 3923 1397 3991 consolatione
1421 3924 1466 3993 ad

287 4027 416 4096 Liviam
445 4028 634 4111 proferens,
669 4048 765 4110 quam
796 4029 968 4113 Augustae
1002 4032 1113 4096 aetate
1146 4030 1358 4114 compositum
1388 4050 1465 4098 esse

288 4134 471 4218 nuperrime
495 4131 728 4220 Skutschius1)
752 4134 931 4202 contendit.

378 4368 405 4433 1)
426 4364 473 4421 cir.
493 4363 767 4435 Pauly-wissowae
786 4365 941 4437 encyctop.
959 4365 1024 4423 real.
1043 4365 1087 4423 lV.
1105 4380 1132 4435 p.
1151 4368 1204 4421 933
1223 4381 1286 4436 sqq.
