3142 5059
617 503 837 571 -27..

183 702 222 768 B.
245 697 326 767 965:
349 719 437 767 nunc
451 699 485 768 in
500 703 562 769 hoc
578 701 727 785 sepulcro
744 698 875 781 quiesco
891 696 1020 765 reddito
1036 699 1176 765 naturae
1195 694 1314 764 debito.

228 810 310 874 Tum
341 807 532 891 saepissime
562 806 684 891 legitur
713 806 748 872 iu
770 805 876 872 titulis
904 804 1001 871 illud:
1026 806 1206 887 faciendam
1228 802 1315 891 (sive

139 911 340 999 faciundam)
355 916 446 1002 scit.-
467 934 502 981 es
519 917 643 982 musste
659 914 862 998 geschehen3
885 930 969 994 quae
984 912 1089 979 verba
1103 930 1203 979 sensu
1217 912 1315 994 plane

140 1024 309 1103 carerent,
339 1021 403 1088 nisi
435 1020 602 1089 sententia
630 1021 692 1107 lepe
715 1021 761 1085 oct
782 1023 954 1086 necesitate
975 1024 1108 1084 naturae
1125 1019 1316 1105 faciundum

134 1130 205 1216 fcit
228 1128 411 1211 supplenda
434 1132 533 1196 esset.
581 1127 727 1211 exemplo
752 1125 836 1193 siut:

185 1236 224 1302 Β.
248 1233 329 1303 147:
360 1235 469 1303 dolere
492 1235 560 1302 noli
583 1236 706 1301 mater:
730 1232 918 1299 faciundum
942 1231 1022 1312 fuit;

184 1343 222 1409 B.
235 1340 313 1409 150:
330 1344 424 1411 aetas
436 1341 635 1426 properavit,
652 1339 841 1407 faciundum
854 1338 927 1419 fuit,
943 1336 1010 1404 noli
1020 1337 1191 1421 plangere,
1203 1337 1317 1402 mater.

228 1450 401 1518 Locutioni
425 1453 619 1539 foedandum
650 1455 691 1515 est
721 1446 900 1530 respondet
930 1446 1119 1511 veniundum
1142 1452 1199 1526 est,
1231 1442 1317 1525 quod

139 1557 259 1625 iterum
280 1557 374 1624 nobis
398 1556 529 1625 obvium
551 1556 591 1621 fit
612 1555 646 1621 in
669 1554 793 1621 titulis:

185 1665 224 1731 B.
247 1661 329 1729 242:
355 1662 532 1746 hospitium
555 1662 616 1728 tibi
638 1663 717 1743 hoc;
743 1660 867 1728 invitus
890 1660 997 1729 venio.
1044 1657 1240 1728 veniundum
1264 1658 1317 1724 est

303 1772 423 1835 tamen.

231 1876 382 1944 Eandem
404 1876 447 1942 ad
469 1874 651 1942 doctrinam
671 1873 814 1942 Stoicam
836 1872 1011 1941 referenda
1034 1876 1112 1941 suut
1133 1874 1217 1940 haec
1239 1890 1316 1954 quo-

143 2003 205 2066 que
227 1984 390 2053 vocabula
411 2003 469 2067 pro
493 2004 576 2048 mors
600 1980 748 2049 adhibita

530 2123 644 2198 tatum
668 2142 749 2198 sors
771 2122 929 2197 femora.

231 2254 352 2321 Verum
369 2255 481 2342 fctum
504 2255 538 2319 et
552 2255 629 2341 foto
649 2250 912 2334 ——quinetiam
935 2248 1042 2316 forma
1055 2247 1182 2338 satus1)
1206 2269 1317 2317 occur·

142 2361 186 2427 rit
210 2399 250 2408 -
275 2381 333 2445 pro
357 2384 440 2427 mors
463 2360 615 2443 usurpari
638 2358 795 2443 exemplis
823 2358 1014 2425 confirmare
1038 2376 1317 2441 supervacaneum

142 2488 216 2536 esse
246 2472 334 2552 puto.
379 2470 496 2552 Itaque
527 2467 611 2534 satis
642 2467 688 2536 sit
718 2466 890 2533 nonnullos
918 2465 1008 2532 locos
1036 2463 1169 2547 afferre,
1201 2466 1317 2548 quibus

133 2576 270 2662 fortuna
293 2579 327 2642 et
348 2598 414 2641 sors
437 2576 582 2643 eiusdem
604 2572 748 2641 notionis
771 2576 885 2657 partes
908 2573 1051 2656 explent.

186 2684 224 2749 B.
248 2681 330 2749 980:
353 2702 456 2751 saeva
477 2682 670 2766 parentibus
694 2680 815 2765 eripuit
837 2680 971 2747 tortum
993 2680 1074 2747 meis
1097 2700 1157 2747 me.

187 2791 225 2856 B.
249 2787 330 2856 456:
355 2809 383 2872 o,
406 2809 503 2871 quam
525 2790 609 2856 dura
631 2788 692 2855 tibi
715 2840 722 2855 .
746 2840 754 2855 .
779 2840 786 2855 .
809 2786 957 2869 fortuna,
988 2806 1072 2869 quae
1094 2790 1129 2854 te
1152 2789 1213 2854 sub
1237 2789 1317 2854 Tar-

303 2899 380 2962 tara
401 2896 499 2964 misit.

187 3004 226 3071 B.
250 3001 353 3069 1440:
375 3004 439 3071 hac
462 3022 589 3086 quoque
612 3006 692 3070 nata
713 3003 810 3086 iacet,
833 3002 998 3084 Petronia,
1026 3005 1116 3069 sorte
1138 3004 1317 3086 perempte.

187 3110 226 3178 Β.
249 3108 330 3177 467;
354 3110 412 3178 sed
435 3110 547 3194 iniqua
570 3112 660 3178 sorte
683 3111 830 3195 maligna
851 3113 950 3193 rapta
970 3110 1070 3178 iaces.

231 3220 314 3284 Tum
345 3217 564 3286 animadverti
596 3220 707 3302 potest
737 3218 908 3284 titulorum
942 3220 1093 3285 auctores
1123 3217 1317 3287 vocabulum

141 3346 224 3390 mors
253 3324 302 3391 ita
325 3344 450 3407 quoque
474 3325 623 3393 devitare
651 3324 876 3406 adamavisse‚
906 3328 944 3391 ut
966 3344 1008 3391 ex
1031 3323 1317 3393 circumscribendi

142 3430 270 3499 ratione
293 3432 424 3499 eluceat
445 3431 590 3500 valuisse
618 3432 654 3498 iu
676 3431 716 3498 iis
740 3432 873 3499 deorum
895 3431 1096 3499 infernorum
1118 3432 1318 3517 religionem.

142 3538 195 3604 Ex
217 3558 351 3606 numero
375 3539 521 3621 deorum,
552 3558 686 3621 quorum
710 3539 882 3622 aliquoties
906 3539 1027 3607 mentio
1049 3540 1100 3622 fit,
1128 3559 1317 3608 enumeren-

143 3647 198 3711 tur
220 3646 269 3713 hi:

188 3754 225 3820 B.
249 3752 352 3820 1311:
385 3754 594 3837 Persephone
624 3753 712 3822 votis
742 3754 862 3823 invidit
891 3753 1015 3837 pallida
1045 3753 1184 3833 uostris,
1219 3755 1254 3819 et
1283 3755 1317 3819 te
1394 3804 1397 3810 .

302 3864 510 3943 praematuro
534 3860 650 3929 funere
672 3860 791 3943 rapuit.

186 3968 224 4034 B.
249 3964 352 4033 1223:
376 3964 501 4055 omnes]
526 3986 629 4050 aeque
652 3966 740 4050 rapit
762 3966 850 4033 Ditis
874 3968 995 4055 acerba
1017 3985 1142 4033 manus.

185 4074 223 4141 Β.
249 4072 352 4141 1058:
376 4078 412 4141 at
435 4094 554 4144 saevos
576 4076 674 4142 Pluto
696 4074 808 4157 rapuit
830 4093 881 4141 me
904 4074 947 4141 ad
969 4074 1101 4141 inferna
1122 4074 1253 4157 templa.

184 4180 217 4248 C.
243 4182 270 4248 I.
292 4181 330 4248 L.
353 4182 397 4248 11.
420 4179 524 4248 2255:
549 4180 595 4248 dii
618 4200 730 4249 manes
753 4184 950 4264 receperunt
971 4180 1145 4249 Abulliam.

233 4356 260 4427 1)
279 4356 415 4451 Exempla
433 4356 582 4425 congessit
601 4355 710 4419 Ritschl
729 4356 837 4428 Opusc.
857 4355 901 4414 lv.
919 4370 947 4428 p.
966 4361 1018 4413 245
1038 4372 1101 4428 sqq.
