3142 5059
734 506 958 578 ...3AE-

303 706 417 775 Seuec.¹
441 708 484 775 ad
506 707 608 775 Marc
631 704 661 775 9.
684 705 722 775 5:
745 710 799 775 ille
822 710 924 775 amabit
946 706 1068 775 liberos.

303 814 408 882 Tacit.
423 814 533 900 Agris.
549 812 584 883 6:
599 816 710 901 filiam
733 823 803 882 note
816 815 972 882 montom
997 816 1080 882 bren
1102 818 1221 898 omisit·
1242 818 1278 881 et
1293 813 1439 897 saepius.

348 940 430 1006 'lum
452 939 538 1023 quod
561 939 605 1007 ad
623 941 730 1027 afferri
744 958 858 1009 vocem
881 940 1011 1022 attinet,
1034 940 1096 1007 boc
1112 941 1248 1008 verbum
1271 958 1312 1006 ea
1334 937 1439 1023 sigui-

258 1045 421 1129 ficatioue,
450 1066 546 1128 quam
569 1046 803 1129 desideramus,
829 1048 959 1114 tantum
982 1047 1084 1115 semel
1106 1046 1263 1130 occurrit,
1293 1045 1439 1113 sirecte

259 1153 342 1237 vidi3
376 1154 515 1223 Plautus
547 1154 632 1222 enim
662 1153 754 1222 Asin.
785 1152 850 1220 614
886 1155 1015 1222 locutus
1054 1158 1107 1222 est
1141 1154 1207 1221 sic:
1239 1157 1363 1220 edicam
1390 1157 1440 1219 sic

259 1261 431 1347 efferamur
464 1260 684 1349 (Philaenium
721 1260 756 1327 in
794 1261 946 1345 amplexu
976 1260 1156 1346 Argyrippi
1192 1260 1274 1327 mori
1312 1257 1439 1344 cupit);
1553 1259 1554 1330 ἐ

259 1368 399 1434 alterum
422 1368 604 1451 exemplum
626 1367 705 1435 milri
727 1371 861 1451 praesto
889 1387 955 1435 mou
985 1370 1053 1450 est,
1083 1368 1143 1437 sed
1173 1366 1292 1435 similia
1322 1368 1440 1447 babeo,

259 1493 343 1558 quae
374 1475 510 1558 addam3
543 1494 620 1542 nam
650 1474 810 1542 Senecam
839 1476 953 1562 efferre
984 1475 1081 1542 simili
1111 1474 1240 1543 ratione
1270 1494 1311 1541 ac
1340 1482 1440 1539 morta

260 1585 398 1648 amittere
421 1581 631 1649 adhibentem
654 1582 847 1666 observavi3
870 1582 1018 1665 exemplo
1041 1582 1125 1652 siut:

305 1689 419 1757 Senec.
435 1689 478 1756 ad
493 1688 590 1757 Helvss
605 1689 649 1756 Π.
665 1687 703 1756 5:
726 1693 918 1756 carissimum
931 1693 1050 1785 ¹ra’rsoa,
1076 1712 1113 1755 ec
1133 1711 1195 1777 qoo
1218 1697 1319 1755 motor
1340 1691 1437 1754 trium

421 1797 587 1863 liberarem
611 1818 692 1880 aas,
724 1799 879 1881 extolleti;
900 1796 979 1864 item
1002 1797 1046 1863 ad
1068 1797 1169 1863 Marc.
1187 1796 1275 1863 XIII
1297 1793 1335 1862 3:
1358 1796 1438 1860 duos

412 1904 502 1991 filios
524 1906 651 1987 malim
681 1903 796 1972 eadem
827 1904 975 1971 oratioue
998 1923 1078 1971 usus
1109 1906 1162 1971 est
1184 1902 1279 1987 epist.
1302 1900 1355 1970 63.
1378 1900 1438 1967 11:

421 2032 509 2097 qoem
532 2011 660 2077 amotas
687 2012 829 2077 aluisti.
876 2010 990 2078 Addas
1014 2010 1114 2079 etiam
1144 2010 1230 2093 qnod
1259 2009 1381 2094 legitur
1402 2008 1438 2074 iu

419 2116 519 2183 Probi
535 2116 715 2201 appendice
726 2138 757 2201 p.
770 2114 852 2184 200:
868 2118 978 2184 orbum
988 2121 1042 2206 qui
1050 2140 1120 2185 snos
1136 2119 1277 2183 arelao
1291 2116 1436 2203 sipnc‘fot.

149 2318 151 2323 ,
259 2243 380 2310 Restat
402 2244 439 2309 ut
461 2242 680 2310 locutionibus
704 2243 811 2309 adhuc
833 2242 989 2310 tractatis
1019 2242 1118 2310 etiam
1150 2242 1325 2309 nonnullas
1353 2240 1437 2308 alias

261 2350 450 2430 adnectam,
485 2349 602 2431 quibus
637 2350 846 2418 substantivo
878 2353 942 2416 vito
976 2349 1089 2416 addito
1124 2348 1213 2417 notio
1247 2351 1329 2414 mori
1363 2365 1437 2414 con·

261 2456 429 2523 stituatur.
467 2455 540 2539 Qua
562 2455 596 2523 iu
618 2476 655 2524 re
678 2475 744 2523 nou
768 2476 790 2523 c
812 2476 862 2523 me
879 2456 1136 2540 exspectabitur,
1159 2458 1197 2523 ut
1212 2458 1291 2537 quot
1305 2456 1438 2522 exstem

262 2581 455 2645 enumerem,
474 2563 534 2629 sed
548 2567 679 2631 tantum
694 2566 852 2646 quattuor
866 2563 1041 2647 proferam,
1063 2582 1148 2645 quae
1162 2564 1339 2647 propterea
1353 2562 1438 2644 quod

260 2668 369 2737 rarIus
392 2674 577 2751 occurrunt,
601 2673 853 2738 commemoratu
875 2689 940 2737 nou
962 2670 1119 2754 indignae
1141 2669 1220 2737 mibi
1235 2669 1329 2739 visus
1352 2670 1437 2735 suut.

350 2778 400 2844 Ac
432 2776 569 2860 primum
600 2777 728 2860 quidem
759 2776 831 2844 dico
862 2777 1059 2846 locutionem
1082 2780 1177 2843 amon
1199 2798 1323 2859 maere,
1354 2794 1437 2858 quae

261 2883 429 2952 invenitur
461 2885 499 2951 B.
535 2883 638 2951 1447:
678 2888 760 2951 enuit
798 2886 970 2955 commirans
1011 2907 1135 2951 onorem
1173 2905 1299 2970 corporo
1333 2887 1437 2949 citam

262 2990 356 3074 Quod
379 3010 478 3059 uuum
500 2992 683 3075 exemplum
705 2991 835 3074 inveni,
866 2991 926 3059 sed
955 2992 1052 3075 plura
1081 2990 1200 3058 similia
1226 2992 1331 3058 babeo
1355 3008 1438 3072 quae

138 3176 142 3185 ,
263 3097 443 3181 addantur3
465 3098 587 3183 legitur
610 3098 695 3166 euim
719 3098 807 3181 apud
831 3098 989 3165 Senecam
1013 3117 1063 3180 ep.
1085 3095 1138 3164 24.
1163 3095 1221 3163 18:

552 3246 636 3291 mors
658 3245 714 3291 nos
736 3229 793 3290 ool
815 3226 964 3290 consumit
987 3230 1042 3288 cot
1064 3226 1156 3292 eoo.

263 3346 423 3415 Fortasse
439 3347 655 3416 elocutionem
670 3352 764 3414 amm
779 3370 888 3415 acone
903 3348 1049 3415 Senecae
1065 3367 1106 3414 ex
1121 3346 1232 3414 verbis
1251 3343 1439 3413 manavisse

264 3472 418 3537 censeas,
447 3454 520 3521 fieri
549 3454 672 3538 potuit3
703 3455 762 3523 sed
792 3456 903 3522 tamen
925 3453 1103 3524 verisimile
1130 3472 1195 3521 nou
1222 3456 1311 3536 puto.
1356 3453 1438 3518 Nam

264 3562 395 3625 cauendi
416 3563 545 3643 tropum
561 3561 602 3627 de
627 3560 806 3629 abstractis
823 3560 945 3628 dictum
960 3560 1210 3629 usitatissimum
1231 3578 1305 3626 esse
1320 3558 1440 3625 docent

263 3666 413 3750 exempla
436 3685 521 3748 quae
543 3664 632 3734 infra
653 3669 780 3735 textum
791 3664 817 3754 1)
842 3668 946 3735 allata
967 3668 1083 3735 habeo.

352 3790 405 3857 Ad
438 3792 567 3875 tropum
600 3794 731 3859 mendi
762 3790 940 3859 referenda
973 3809 1047 3860 esse
1080 3789 1159 3857 mibi
1189 3789 1322 3858 videtur
1355 3789 1439 3855 haec

264 3915 391 3980 quoque
414 3896 534 3964 locutio

738 3990 833 4053 olom
852 4008 965 4075 ponere

355 4179 381 4247 1)
400 4177 538 4246 Vergilius
551 4179 627 4236 enim
640 4174 708 4236 dicit
720 4178 826 4246 (leotz.
839 4178 860 4236 ll
876 4181 910 4234 51
930 4178 976 4235 ubi
989 4193 1054 4236 eum
1067 4179 1102 4236 de
1121 4180 1250 4236 arborum
1268 4179 1440 4237 silvestrium

265 4268 363 4324 natura
381 4266 571 4335 disputantem
590 4265 733 4325 videmus:

627 4366 738 4413 exuere
754 4354 922 4413 silvestrem
940 4354 1080 4414 samana
