3142 5059
611 522 835 589 ..35-

134 705 242 797 plebei
265 712 336 781 eine
366 713 465 781 dubio
496 714 671 800 sermonis3
703 735 780 783 nam
802 716 941 785 Plautus
970 716 1117 802 volgaris
1150 717 1309 785 sermonis

134 821 294 904 patronus
326 820 468 905 praeivit
499 822 646 890 scribens
674 822 766 891 Oura.
790 821 872 891 536:
903 828 997 891 ultam
1020 847 1159 910 propera
1177 847 1310 912 peuere;

134 927 221 994 redit
250 928 334 995 haec
362 948 428 996 vox
459 929 547 1013 apud
574 930 668 998 (torn.
694 931 870 1015 Nepotem,
901 930 993 998 ouius
1024 930 1152 998 seilicet
1181 931 1310 1000 dicendi

133 1034 294 1103 rationem
316 1036 427 1103 multis
442 1036 477 1103 in
494 1039 593 1104 rebus
609 1037 717 1122 plebei
740 1036 899 1106 sermonis
923 1038 1045 1107 indicia
1066 1060 1147 1123 prae
1162 1058 1198 1107 ee
1222 1038 1310 1106 ieme

134 1144 283 1226 constat3
312 1143 404 1211 locus
427 1146 480 1210 est
501 1144 571 1228 hio,
594 1146 693 1213 Pauo.
717 1143 777 1213 55:
805 1146 908 1211 coclea
932 1147 995 1211 loco
1016 1148 1152 1231 sepultae
1174 1152 1232 1229 est,
1256 1147 1310 1211 uti

135 1252 229 1315 sitam
253 1258 405 1337 posuerat
410 1274 423 1334 ;
453 1251 567 1318 eadem
598 1252 746 1319 oratione
776 1270 857 1320 neus
887 1254 940 1319 est
961 1252 1153 1336 Propertius
1183 1271 1309 1335 quoque

133 1354 253 1423 11116.
270 1354 307 1423 3:
329 1380 391 1423 aaa
412 1362 514 1443 potuit
534 1380 610 1425 saao
633 1361 727 1426 uitam
746 1362 884 1447 posuisse
900 1359 1063 1426 anuao?
1099 1360 1173 1426 Non
1195 1359 1308 1426 dubito

133 1464 198 1530 hae
226 1463 260 1530 in
290 1484 327 1532 re
356 1483 476 1534 novum
507 1469 734 1551 argumentum
764 1466 954 1550 conopioere
985 1467 1028 1534 ad
1055 1466 1309 1534 confirmandum

132 1570 296 1639 interdum
310 1571 492 1639 loeutionee
509 1573 741 1656 antiquitatem
752 1574 920 1657 sapientes
934 1574 1089 1641 adhibere
1100 1574 1309 1643 adamavisse

133 1677 355 1762 Propertium3
386 1678 453 1746 alia
483 1680 633 1764 exempla
663 1684 756 1748 sunt:
787 1682 877 1748 ocelli
898 1699 957 1765 pro
981 1681 1081 1763 oculi,
1111 1683 1228 1748 corolla
1249 1700 1309 1764 pro

134 1803 264 1852 corona

223 1892 369 1959 Tertium
392 1893 574 1978 exemplum
605 1894 722 1961 addam
753 1898 849 1960 citam
879 1896 1039 1978 claudere,
1073 1895 1158 1977 quod
1187 1894 1310 1979 legitur

135 1999 172 2065 B.
198 1996 301 2066 1440:
324 2002 462 2067 clausisti
482 2001 581 2068 sutae
604 2004 709 2067 οιλοοι.

224 2124 283 2191 Oui
297 2125 371 2194 voci
387 2126 553 2193 contraria
567 2125 717 2210 intellegi
731 2128 843 2209 potest
857 2130 951 2192 atem
965 2128 1052 2208 inire,
1077 2144 1162 2208 quae
1183 2126 1309 2194 inveni-

134 2234 190 2298 tur
205 2231 292 2314 apud
313 2232 410 2299 Luar.
425 2234 478 2299 ΙΠ
497 2230 578 2298 679:
601 2236 678 2299 uitae
700 2255 769 2298 cum
784 2235 877 2299 limen
891 2236 1015 2300 luimus.
1055 2231 1211 2299 Similiter
1226 2232 1311 2298 dixit

135 2338 263 2406 Statius
287 2347 373 2407 ονδαι
395 2343 484 2423 taire,
510 2339 595 2422 quod
618 2342 731 2407 exstat
754 2339 827 2409 silv.
849 2340 884 2407 H
907 2337 937 2407 2.
961 2338 1043 2405 217:

318 2448 387 2514 illos
409 2448 578 2532 implacido
602 2448 701 2514 laetu
723 2448 829 2513 Sirius
850 2450 921 2534 ipae

317 2554 371 2620 laos
393 2562 495 2620 amuel
517 2554 679 2642 imos-ufaro
695 2556 817 2641 palles
839 2561 1006 2620 cucueuus
1027 2556 1126 2637 lictu,

316 2662 469 2748 quidquid
488 2664 547 2728 init
569 2669 654 2728 octus
669 2661 769 2749 fluam
793 2664 886 2728 timet.

137 2887 206 2947 ltem
230 2890 343 2947 locutus
367 2892 414 2948 est
436 2890 506 2948 Aen.
529 2888 565 2947 lV
593 2891 763 2948 motusue
793 2893 930 2956 οιιαιιυιι
961 2889 1092 2947 conferas
1117 2890 1202 2951 etiam
1225 2888 1310 2955 Ovid.

136 2977 322 3039 aafflw:

297 3068 448 3140 uagatus
466 3067 590 3127 exuitur
606 3068 691 3127 leuul
706 3082 771 3127 cum
788 3067 867 3139 pelle
886 3071 1039 3139 vetustas·

137 3156 224 3214 addas
243 3156 305 3216 Tib.
324 3157 334 3214 l
352 3160 419 3215 485:
437 3172 562 3229 sameas
579 3172 674 3217 novus
692 3158 776 3217 exult
794 3172 899 3217 uanos.

136 3246 209 3303 Tum
228 3247 301 3318 apud
320 3246 417 3306 Ovid.
435 3250 512 3305 met.
533 3251 580 3304 14.
599 3251 659 3304 777
678 3248 816 3317 legimus:

300 3334 428 3408 Tarpeia
447 3378 455 3393 .
473 3379 481 3393 .
500 3379 508 3394 .
527 3335 650 3408 diguam
673 3336 804 3394 ammam
820 3349 918 3407 poena
936 3336 1088 3407 congestu
1106 3336 1190 3395 exult
1207 3335 1310 3393 armi.

136 3423 242 3482 Eadem
261 3425 320 3483 lere
339 3427 466 3484 oratione
486 3428 568 3484 utitm
586 3426 658 3485 Stat
677 3424 768 3484 Theb.
788 3428 830 3484 10.
848 3441 877 3482 v.
895 3428 964 3483 938:

296 3514 352 3573 sed
372 3516 503 3573 membru
525 3514 620 3574 sirum
643 3519 765 3574 tenena
788 3514 961 3587 relinquunt
983 3514 1162 3587 exuiturque
1184 3513 1311 3573 animus.

137 3602 235 3674 Neque
260 3604 340 3663 aliter
364 3620 482 3673 graecas
506 3618 597 3663 voces
628 3596 788 3683 ἕκδδομαι
822 3606 852 3661 et
880 3596 1040 3682 ἐνδυομαι
1067 3607 1215 3675 usurpatas
1243 3619 1311 3662 esse

136 3692 275 3764 exemplis
294 3693 500 3752 demonstratur
518 3695 576 3751 his:

171 3781 250 3839 Paul.
269 3784 351 3853 epist.
370 3783 474 3855 Ephes.
493 3781 668 3839 1722-24:

298 3873 530 3965 ἐδιδάχθητε..
548 3922 555 3938 .
573 3870 812 3938 ,ἐνδύσασθαι
835 3870 895 3938 τὸν
913 3870 1029 3938 καινδν
1051 3869 1237 3959 ἄνθρωπον
1251 3868 1312 3937 stc

296 3972 382 4038 κατά
405 3973 492 4039 θεὸν
513 3970 745 4038 κτισθέντα..
763 4021 770 4034 .

172 4077 243 4134 item
261 4074 325 4134 Col.
343 4078 369 4135 3.
389 4079 437 4135 1οε

295 4158 341 4246 μή
358 4160 536 4245 ψεύδεσθε
551 4155 597 4233 οἷς
608 4156 784 4243 ἀλλήλους,
801 4155 1074 4240 ἀπεκδυσάμενοι
1088 4156 1149 4221 τὸν
1164 4154 1312 4222 παλαιὸν

298 4252 483 4343 ἄνθρωπον
506 4256 568 4323 σδν
590 4258 664 4331 ταῖς
687 4254 854 4341 πράξεσιν
873 4250 989 4334 αὐτοῦ,
1011 4253 1068 4318 καὶ
1091 4250 1313 4335 ἐνδυσάμενοι

297 4374 359 4420 σου
380 4351 467 4420 aeta

1120 4469 1153 4528 8⁸
