3142 5059
617 498 839 569 ...53-

139 696 274 764 Scilicet
296 697 459 781 pleniores
483 698 607 765 formae
630 697 844 767 inveniuntur
865 698 945 765 hae:

185 844 200 886 e
223 825 287 887 xiix
311 825 472 889 excedere:
494 822 558 890 Cic.
579 822 661 891 Phil.
682 823 768 890 XIII
792 820 851 905 413
874 821 926 890 cli.
949 824 965 889 I
989 820 1069 905 153;
1094 824 1190 889 Tusc.
1213 823 1230 889 I
1257 820 1314 907 573

300 929 391 997 Lael.
415 928 475 1013 123
498 930 539 996 de
562 930 615 997 iin.
638 929 690 996 ΠΙ
713 927 764 996 61.

183 1055 246 1117 cita
269 1054 425 1225 excedire:
452 1052 519 1121 ilic.
542 1054 638 1121 Tusc.
661 1051 762 1137 129;
785 1056 854 1121 nat.
877 1054 966 1120 decr.
989 1051 1121 1135 11141;
1144 1052 1209 1120 Cic.
1231 1051 1314 1119 Phil.

299 1160 335 1226 H
379 1159 409 1227 2.

184 1287 222 1350 de
245 1287 307 1351 cite
330 1287 489 1351 excedere:
510 1284 574 1352 cic.
596 1283 652 1352 fin.
675 1284 709 1351 II
732 1281 784 1352 60.

228 1410 349 1476 Verum
372 1412 511 1475 excedere
541 1409 691 1476 absolute
714 1428 772 1492 pru
796 1411 877 1474 mori
898 1408 1038 1492 primus,
1068 1407 1097 1475 si
1123 1411 1214 1475 recte
1236 1405 1313 1488 vidi,

138 1515 287 1582 adhibuit
310 1516 446 1584 Seneca.
491 1516 653 1598 Exempla
675 1514 751 1584 vide
774 1513 875 1602 haecss:

184 1640 298 1709 Senec.
323 1661 372 1725 ep.
395 1640 448 1707 77.
472 1637 532 1707 10:
554 1643 666 1706 tamen
688 1638 878 1705 mollissime
901 1638 1054 1705 excessit.

183 1748 226 1814 ad
248 1749 348 1816 Marc.
371 1750 438 1815 XX
460 1746 497 1813 4:
519 1746 630 1830 populi
653 1745 806 1829 princeps
830 1748 1029 1813 excesserat.

183 1855 262 1922 item
285 1856 328 1921 ad
349 1856 451 1922 Marc.
474 1854 570 1921 XXV
594 1851 630 1935 13
655 1872 704 1936 ep.
728 1849 780 1919 93.
805 1848 857 1919 10.
947 1922 949 1930 ,

227 1978 314 2047 Hine
336 1979 491 2065 migravit
514 1979 548 2044 in
571 1975 679 2044 Taciti
702 1980 736 2043 et
759 1976 896 2043 Sueteui
918 1965 1051 2060 scripta.

184 2087 243 2154 cir.
266 2086 371 2154 Tacit.
394 2087 474 2170 Agr.
499 2084 558 2151 44:
582 2082 725 2151 excessit
749 2083 914 2168 Agricola.

183 2194 287 2261 Tacit.
311 2213 385 2260 ann.
410 2191 439 2261 1.
462 2191 492 2260 5.
516 2190 575 2259 33:
600 2189 783 2259 excessisse
807 2192 992 2275 Augustum
1015 2188 1173 2256 adfertur.

183 2300 288 2368 Tacit.
312 2320 387 2367 ann.
411 2298 440 2366 3.
465 2297 523 2366 19:
546 2317 668 2382 paucos
692 2300 767 2381 pest
791 2297 861 2365 dies
884 2296 1045 2381 Vispauia
1067 2295 1220 2364 excessit.

183 2408 273 2475 Suet.
296 2410 380 2491 Aug.
404 2406 440 2474 5:
465 2407 634 2491 Augustus
658 2405 811 2472 excessit.

184 2515 274 2583 Suet.
297 2515 372 2581 Ner.
396 2513 425 2581 6.
450 2511 508 2579 19;
532 2512 601 2580 Tib.
626 2511 778 2579 excessit.
1183 2580 1186 2583 ,

139 2620 265 2705 Quibus
295 2620 453 2705 exemplis
488 2619 598 2687 allatis
634 2622 771 2685 excedere
806 2638 872 2686 nen
905 2618 1011 2685 miuus
1046 2636 1143 2701 quam
1175 2618 1315 2683 decedere

138 2747 252 2797 vocem
273 2728 362 2811 piam
383 2729 619 2809 honestamque
650 2745 724 2793 esse
755 2726 875 2807 elucet3
910 2724 1074 2794 enimuero
1098 2727 1136 2790 ut
1158 2742 1315 2791 summam

140 2834 260 2902 faciem
289 2854 331 2901 ex
353 2834 404 2917 iis,
434 2852 518 2916 quae
541 2833 592 2899 his
616 2833 656 2899 de
679 2832 849 2900 vocabulis
876 2830 1061 2913 observavi,
1084 2830 1171 2897 iuter
1194 2832 1315 2896 utrum·

140 2960 203 3024 que
226 2941 362 3009 verbum
384 2939 513 3006 omuino
537 2938 618 3006 nihil
639 2939 789 3006 interest.

229 3065 415 3147 Sequuntur
437 3060 650 3136 antecedere
674 3067 708 3130 61
731 3058 946 3151 praecedere
961 3063 1072 3143 uerba,
1096 3057 1180 3143 quac
1204 3062 1315 3126 tamen

140 3192 205 3239 ucu
228 3172 292 3239 nisi
315 3172 421 3238 obiter
443 3175 595 3255 tangam3
619 3169 769 3253 exempla
792 3170 892 3237 aliero
915 3170 1014 3236 haec:

229 3282 416 3346 antecedere:
458 3279 569 3362 plures
606 3297 658 3345 me
696 3278 965 3360 antecesserunt,
1008 3294 1120 3342 omues
1158 3275 1314 3357 exspecto

140 3386 257 3474 (Orelli
280 3386 378 3452 iuscr.
402 3383 513 3470 6042).

185 3512 264 3578 item
287 3511 325 3577 B.
349 3508 401 3576 55.
426 3507 485 3576 17:
510 3508 676 3576 autecessi
697 3506 756 3575 leti
780 3506 874 3575 diem.

225 3619 409 3703 praecedere
433 3614 563 3683 obvium
586 3615 623 3680 111
645 3614 727 3682 locis
751 3614 820 3681 his:

186 3726 224 3791 B.
249 3723 352 3790 1567:
376 3743 418 3789 ne
441 3722 553 3789 duleas
577 3721 649 3803 mei,
672 3721 758 3803 quud
780 3718 999 3805 praecessi31)

187 3830 316 3897 611.
340 3831 386 3895 Vl
409 3827 512 3895 9792:
544 3829 742 3911 praecedere
765 3826 908 3908 voluisti,
932 3826 1142 3895 sanctissima
1165 3825 1315 3907 coniunx,

300 3938 339 4002 ut
360 3956 411 4004 me
434 3936 635 4018 relinqueres
658 3935 693 4001 in
715 3934 877 4016 lacrimis3

186 4045 224 4110 Β.
248 4040 330 4108 565:
353 4044 450 4124 pater
470 4045 701 4126 praecesserat
723 4040 799 4108 clim
822 4076 866 4087 —

187 4150 226 4215 B.
248 4146 329 4214 856:
354 4148 598 4230 praecessitque
622 4149 709 4233 prior
732 4146 905 4215 Primitiva
927 4196 935 4212 .
959 4195 966 4212 .
989 4196 998 4213 .
1021 4196 1029 4212 .

234 4342 261 4411 1)
280 4339 415 4396 Similiter
433 4354 487 4396 nos
507 4341 640 4400 dicimus:
662 4344 705 4409 „iu
724 4342 769 4399 die
788 4339 925 4410 Evioekeit
943 4338 1151 4407 vcranoeeheffl.
