3142 5059
606 530 828 605 ..61-

127 732 188 801 cir.
212 732 312 801 etiam
333 734 410 800 l'ac.
434 751 508 800 enn.
532 730 562 798 1.
587 730 625 815 33
650 730 681 799 2.
704 728 765 815 723
788 730 819 799 3.
843 728 904 813 493
935 731 1025 799 Suet.
1048 730 1121 798 lto.
1143 728 1182 813 73
1204 732 1302 815 Vesp.

128 838 190 922 24;
213 846 248 907 et
272 839 404 922 saepius
427 838 462 906 in
485 838 610 907 titulis:

175 946 234 1015 cfr.
264 948 302 1015 B.
332 945 415 1014 425:
453 946 507 1013 hic
536 946 625 1015 iacet
654 945 828 1030 Helpidius
858 944 939 1013 fetis
969 944 1135 1013 extinctus
1166 944 1305 1029 iniquis;

174 1054 212 1122 B.
236 1052 318 1120 971:
342 1055 378 1120 et
400 1056 437 1121 tu
460 1053 566 1122 dirlcis
589 1073 690 1137 soror,
713 1053 859 1121 extincto
882 1072 933 1120 me
956 1052 1064 1121 solare
1086 1055 1252 1136 parentes.

219 1160 294 1228 Huc
328 1160 428 1227 etiem
465 1160 697 1229 conterendum
731 1180 807 1229 esse
843 1159 923 1227 mihi
960 1159 1091 1229 videtur
1128 1164 1304 1247 eetinpoorc

130 1270 262 1355 aliquem
284 1287 342 1351 pro
366 1290 472 1334 nooorc
495 1268 633 1350 (lictum3
657 1268 808 1353 exemplu
829 1270 924 1335 sunt:

175 1376 248 1442 Ter.
272 1376 352 1441 Hec.
375 1372 458 1441 749:
480 1394 615 1458 puerum
639 1376 724 1443 clam
746 1374 851 1444 voluit
874 1374 1084 1459 extinguere3

174 1482 255 1565 Nep.
278 1480 379 1549 Attio.
403 1479 433 1549 9.
458 1479 495 1549 3:
518 1481 639 1550 liberos
663 1482 762 1549 etium
786 1481 979 1566 extinguere
1001 1482 1182 1565 parebunt3

174 1588 207 1655 Ο.
230 1588 257 1655 Ι.
279 1588 317 1655 L.
340 1588 370 1655 V
393 1586 475 1655 563:
505 1590 618 1657 umbos
648 1587 810 1656 extincxit
837 1587 945 1669 rudis,
975 1590 1132 1670 utrosque
1160 1588 1303 1673 protegit

291 1714 400 1780 rogus.

219 1801 313 1886 Quod
335 1822 414 1870 vero
430 1804 533 1871 verba
555 1806 730 1890 extinguere
752 1804 788 1869 et
810 1804 946 1889 alioqui
969 1800 1033 1869 alio
1055 1820 1182 1884 quoque
1204 1821 1304 1871 sensu

132 1908 281 1976 adhibita
303 1912 487 1993 occurrunt,
509 1910 602 1979 velut

174 2018 247 2083 Ter.
263 2018 391 2085 Phorm.
412 2015 494 2084 107:
515 2020 562 2099 nt,
585 2015 619 2084 ni
635 2016 686 2085 vis
709 2016 787 2084 boni
801 2016 836 2084 in
858 2015 932 2100 ipsc
946 2014 1072 2086 inesset
1086 2015 1200 2099 forma,
1223 2017 1306 2083 hoec

291 2123 429 2193 formem
452 2124 699 2209 extinguerent3

176 2231 273 2298 Ribb.
311 2230 396 2317 ireg.
439 2235 526 2317 trog.
564 2232 656 2299 Rom.
690 2235 768 2299 Ace.
802 2232 917 2315 Agam.
954 2232 988 2298 I:
1119 2229 1306 2299 inimicitias

291 2338 480 2422 Pelopidum
504 2338 669 2407 extinctas
686 2389 693 2406 .
710 2389 717 2406 .
734 2389 741 2406 .

175 2445 255 2529 Nep.
278 2445 426 2513 Themist
442 2443 471 2513 1.
487 2444 525 2512 3:
542 2496 550 2512 .
567 2496 576 2514 .
592 2497 598 2513 .
619 2465 683 2513 non
702 2464 801 2530 posse
817 2463 890 2513 ecm
905 2444 1134 2512 contumeliam
1148 2443 1306 2528 extingui,

130 2554 168 2619 ut
190 2552 231 2619 de
254 2552 340 2635 tropi
371 2551 496 2637 origine
527 2552 725 2620 sententiam
755 2556 893 2634 mutem,
924 2549 1055 2620 efficere
1083 2551 1213 2619 omnino
1241 2571 1305 2619 non

133 2662 281 2742 possunt.

220 2766 370 2848 Denique
404 2770 443 2833 ut
480 2770 618 2853 contioque·
650 2786 708 2850 pro
743 2766 842 2847 mori,
875 2766 924 2833 ita
958 2770 1101 2834 extinctio
1124 2785 1182 2849 pro
1220 2785 1306 2833 mors

133 2873 281 2941 adhiberi
304 2872 461 2957 exemplis
485 2872 667 2941 affirmetur
689 2872 758 2939 his:

176 2979 242 3048 uio.
273 2982 370 3049 Tusc.
401 2982 419 3048 I
454 2978 535 3048 117:
574 3000 650 3048 nam
686 2978 715 3047 si
750 2998 920 3063 supremus
954 2978 1011 3046 ille
1045 2978 1116 3046 <lies
1151 2997 1217 3046 non
1250 2998 1305 3046 ex-

291 3086 483 3156 tinctionem
521 3088 580 3157 sed
625 3087 910 3155 commutationem
956 3085 1067 3154 edient
1103 3087 1183 3169 loci,
1229 3086 1307 3170 quid

291 3194 493 3277 optabilius?
874 3212 878 3217 ·

177 3300 242 3368 Cic.
264 3300 385 3369 Philos.
417 3301 480 3387 irg.
511 3302 576 3389 (ed.
607 3300 759 3388 Mueller)
783 3302 815 3369 V
837 3300 897 3368 97:
921 3352 928 3368 .
949 3352 985 3369 ..
1014 3300 1190 3368 iucundum
1211 3301 1306 3369 nobis

292 3408 475 3490 personetis
487 3410 674 3478 muneribus
686 3408 837 3476 humanis
853 3427 1004 3477 occasum
1015 3428 1121 3490 neque
1136 3408 1307 3477 molestam

294 3514 527 3583 extinctionem
551 3519 585 3583 et
608 3516 702 3599 quasi
724 3516 867 3598 quietern
889 3515 980 3584 vitoe
1005 3515 1086 3583 fore.

133 3620 195 3688 His
217 3620 298 3690 locis
322 3623 434 3690 facere
457 3641 523 3689 non
545 3641 734 3705 possumus,
765 3622 844 3704 quin
867 3626 1009 3689 minoio
1039 3621 1082 3689 cd
1106 3622 1188 3689 nihil
1218 3621 1307 3688 eliud

133 3726 199 3795 nisi
221 3728 264 3794 cd
280 3730 407 3799 animae
430 3731 584 3797 naturam
605 3730 769 3812 respicere
793 3748 995 3797 censeamus.

331 4023 381 4098 lle
404 4027 553 4102 vocibus
576 4027 620 4102 de
644 4026 800 4101 sinerum
824 4044 955 4101 occasu
980 4023 1113 4116 petitis.

224 4149 317 4233 Quae
332 4151 479 4219 homines
499 4154 646 4237 cogitent
662 4157 761 4238 atque
777 4153 926 4222 sentiant
940 4173 982 4221 ex
996 4152 1132 4221 vocibus
1148 4171 1308 4235 apparere

136 4256 166 4322 si
188 4274 301 4324 verum
324 4258 392 4338 est,
423 4258 501 4339 qud
528 4262 757 4333 concludemus
788 4262 829 4328 de
858 4259 1077 4330 locutionibus
1108 4258 1151 4327 ad
1172 4262 1309 4326 mortem

137 4361 363 4443 spectantibus
387 4382 429 4430 ex
450 4363 572 4432 litteris
594 4366 707 4435 latinis
731 4367 839 4434 adhuc
854 4365 990 4435 allatis?
1030 4365 1143 4448 Credo,
1164 4367 1202 4433 ut
1217 4364 1309 4433 mini·
