3142 5059
608 460 912 563 -rua

179 691 314 759 interire
330 711 426 775 quam
441 690 606 759 Romanos
629 710 693 757 non
793 692 840 759 cis
880 693 978 759 rebus
1020 692 1204 775 perierunt,
1250 694 1308 758 aut

144 796 147 800 ’
179 799 321 883 experiri
329 800 442 867 mallet
451 798 601 885 (interire
609 799 694 882 posi·
794 802 911 883 aperta
933 800 968 867 vi
990 804 1048 866 aut
1071 800 1153 866 dolo.

179 909 248 973 tum
264 909 325 987 est,
347 909 385 972 ut
400 906 452 974 vis
469 906 550 973 iuris
565 906 696 973 iurandi

180 1010 365 1099 augeatur).

137 1120 215 1187 Sall.
230 1122 303 1203 lug.
319 1117 372 1185 17.
388 1117 425 1185 6:
448 1120 622 1203 plerosque
645 1140 695 1187 se·

180 1230 297 1295 nectus
335 1227 501 1310 dissolvit,
539 1227 604 1295 uisi
642 1228 696 1309 qui

180 1334 268 1403 ferro
300 1339 359 1404 aut
387 1336 503 1404 bestiis
530 1335 695 1404 interiere.

226 1498 291 1565 Sed
322 1498 410 1565 aliud
442 1498 635 1579 omninoque
669 1497 806 1581 gravius
842 1497 1015 1565 discrimen
1050 1497 1191 1564 interest
1223 1497 1311 1564 inter

136 1607 308 1686 utramque
346 1624 477 1685 vocem,
522 1605 556 1670 id
593 1623 672 1672 vero
712 1605 755 1670 ad
793 1624 872 1672 usus
909 1604 1129 1688 frequentiam
1166 1604 1310 1687 respicit.

137 1711 324 1779 Observavi
353 1710 438 1776 enim
462 1714 605 1775 interire>
621 1716 782 1793 argentea
811 1712 988 1779 latinitatis
1013 1716 1125 1779 aetate
1152 1711 1310 1796 paulatim

137 1836 323 1898 rarescere,
370 1816 456 1898 quod
498 1836 560 1899 quo
604 1816 724 1883 clarius
768 1824 987 1902 cognoscatur
1023 1818 1166 1886 numeris
1205 1819 1311 1898 nitar,

138 1924 299 1991 rationem
342 1924 469 1991 scilicet
506 1926 635 1991 tantum
681 1943 792 2019 eorum
830 1926 973 1992 locorum
1016 1926 1132 2006 habui,
1175 1926 1230 2007 qui
1269 1926 1311 1991 ad

138 2032 301 2097 hominum
337 2034 472 2098 mortem
504 2035 667 2115 spectant.
725 2031 954 2100 Animadverti
994 2034 1080 2115 apud
1114 2033 1311 2112 (iseronem,

138 2138 312 2222 Nepotem,
343 2138 533 2205 Sallustium
564 2138 734 2221 utriusque
764 2139 857 2206 vocis
888 2138 1107 2220 frequentiam
1130 2139 1213 2205 satis
1237 2157 1312 2203 con·

140 2244 284 2325 cordare,
309 2248 424 2312 contra
446 2249 573 2311 interire
593 2265 762 2312 rarescere
786 2246 873 2328 apud
889 2246 1047 2313 Senecam
1063 2245 1183 2332 (perire
1198 2244 1312 2312 novies

137 2352 313 2433 invenitur,
340 2357 467 2419 interire
489 2356 618 2421 tanturn
641 2355 750 2435 semel,
774 2354 803 2420 si
825 2356 917 2419 recte
939 2352 1094 2437 memini),
1123 2352 1201 2418 item
1227 2352 1313 2435 apud

139 2460 288 2526 Tacitum
319 2458 438 2546 (patre
461 2460 568 2527 sexies
593 2459 702 2527 decies
726 2497 767 2507 —
791 2464 919 2527 interire
940 2457 1093 2544 septies),
1123 2460 1202 2526 item
1226 2459 1313 2542 apud

141 2566 330 2633 Suetonium
353 2566 470 2653 (perire
492 2567 600 2635 sexies
624 2568 732 2635 decies
757 2606 800 2614 —
824 2571 951 2634 datm-e
972 2587 1014 2633 ne
1037 2568 1138 2634 semel
1161 2564 1313 2651 quidem).

227 2692 376 2773 Denique
401 2694 558 2760 adnotare
583 2694 715 2777 expedit
737 2694 772 2760 in
795 2693 902 2760 titulis
918 2692 1155 2777 sepulcralibus
1177 2695 1313 2761 verbum

143 2802 271 2864 interire
299 2799 379 2865 mihi
409 2800 537 2880 quidem
567 2819 634 2867 non
664 2802 863 2883 occurrisse,
899 2821 971 2868 cum
1002 2804 1108 2887 perire
1139 2800 1312 2881 aliquoties

142 2905 272 2972 obvium
295 2904 370 2971 fiat:
394 2904 452 2973 cfr.
476 2907 513 2973 B.
538 2904 641 2991 1440,
665 2906 769 2991 1334,
794 2907 898 2991 13423
922 2906 1018 2975 1319.

231 3030 292 3097 His
308 3031 478 3115 perpensis
494 3052 667 3117 pergamus
684 3054 771 3100 nunc
792 3036 834 3100 ad
854 3034 1075 3115 substantiva,
1098 3053 1183 3115 quae
1203 3034 1313 3102 verbis

138 3140 243 3224 perire
273 3141 307 3204 et
341 3142 470 3204 interire
502 3140 736 3223 respondentia
770 3145 962 3223 occurrunt3
996 3141 1068 3207 dico
1103 3141 1314 3207 substantiva

141 3244 898 3328 16161116661111616,6661661161.
944 3248 1010 3314 Sed
1033 3266 1226 3329 quamquam
1249 3266 1314 3312 non

141 3352 256 3434 ignoro
281 3352 321 3417 (16
344 3352 395 3418 his
419 3352 638 3420 substantivis
661 3354 741 3419 nihil
766 3354 830 3420 dici
852 3374 959 3438 posse,
986 3355 1071 3437 quod
1094 3373 1159 3420 non
1182 3354 1248 3419 iam
1272 3355 1313 3418 ab

143 3458 216 3525 aliis
247 3460 282 3527 in
312 3461 533 3527 vocabulariis
556 3460 735 3542 lexicisque
759 3462 881 3528 dictum
905 3462 966 3542 sit,
995 3464 1108 3528 tamen
1137 3462 1314 3545 neglegere

144 3586 184 3633 ea
206 3587 272 3636 uon
294 3568 420 3649 licebit,
451 3568 609 3651 siquidem
636 3570 722 3636 hanc
753 3568 1008 3653 disputationem
1039 3570 1156 3636 saltem
1185 3569 1314 3650 plenam

142 3679 177 3740 te
199 3679 316 3758 putare
338 3675 446 3744 velim.
492 3675 609 3759 Itaque
632 3694 682 3742 me
706 3676 855 3759 exempla
879 3676 921 3742 ad
946 3677 1061 3743 horum
1084 3676 1314 3744 vocabulorum

144 3798 236 3846 usum
258 3782 489 3849 illustrandum
517 3782 693 3851 allaturum
716 3802 791 3849 esse
813 3783 880 3848 noli
903 3786 1114 3865 exspectare,
1141 3800 1202 3847 nec
1226 3780 1315 3847 aliud

144 3887 205 3952 hoc
235 3887 306 3953 loco
337 3888 414 3955 mihi
444 3889 477 3954 in
509 3888 616 3955 animo
648 3892 700 3957 est
730 3889 796 3956 nisi
825 3890 860 3956 in
882 3889 1071 3957 universum
1096 3890 1195 3969 atque
1218 3907 1315 3970 quam

143 3994 335 4062 brevissime
358 4014 398 4060 ea
420 3993 577 4077 proferre,
601 4015 685 4077 quae
709 3996 787 4063 mihi
805 3999 985 4062 memoratu
1008 3995 1109 4079 digua
1131 3994 1206 4062 visa
1228 3996 1315 4061 sunt.

143 4102 193 4167 Ac
208 4100 344 4183 primum
368 4100 496 4181 quidem
519 4105 694 4169 aequomst
716 4126 775 4169 oea
797 4104 959 4171 vocabula
972 4101 1038 4167 iam
1061 4101 1148 4185 apud
1162 4102 1315 4167 Plautum

144 4184 328 4289 occurrunt,
359 4225 431 4273 cum
462 4210 564 4273 coedes
594 4212 628 4275 et
657 4213 800 4276 interitus
833 4207 1026 4275 recentioris
1061 4207 1197 4289 originis
1232 4206 1315 4288 sint;

144 4316 245 4381 aedas
277 4312 363 4381 enim
392 4313 515 4397 primus
547 4314 696 4382 adhibuit
726 4314 854 4383 Ennius
885 4314 995 4401 (Ribb.
1026 4312 1089 4397 frg.
1118 4316 1202 4398 trag.
1229 4312 1315 4378 Eun.

1156 4435 1173 4489 2
