3142 5059
732 502 954 577 ..pe-

255 706 449 791 positionem
479 707 514 772 ob
543 725 603 790 per
632 723 669 772 se
696 704 762 773 vim
794 723 886 771 suam
918 700 1069 769 amittere
1099 700 1294 783 oportuisse.
1339 699 1431 765 Idem

256 814 397 898 scriptor
420 814 519 881 etiam
542 813 626 879 odire
649 812 800 879 absolute
830 830 888 894 pro
911 813 992 875 mori
1014 808 1136 892 primus
1146 805 1173 894 1)
1201 807 1375 890 usurpavit
1397 809 1431 871 et

257 922 385 1006 quidem
415 920 477 1006 ita,
507 923 545 986 ut
568 918 768 1002 comparatio
793 937 866 984 cum
894 917 1037 984 siderum
1059 934 1179 983 occasu
1201 915 1236 980 iu
1258 913 1431 997 propatulo

256 1028 317 1110 sit3
340 1028 478 1112 legimus
502 1026 588 1094 enim
610 1027 662 1093 ΙΠ
686 1023 790 1091 1040:

415 1137 479 1221 ipsc
500 1136 656 1221 Epicurus
680 1135 741 1199 obit
764 1134 891 1199 decurso
916 1133 1140 1214 luminositer,

416 1244 470 1328 qui
491 1263 585 1328 penus
606 1242 777 1307 humanum
801 1242 924 1325 inpono
946 1241 1100 1325 superavit
1118 1245 1146 1303 ot
1170 1258 1271 1302 omues

416 1350 564 1430 restinxit,
588 1348 690 1415 stollas
713 1352 840 1411 exortus
860 1353 896 1410 at
918 1346 1071 1410 ambertus
1091 1345 1148 1411 sol.

255 1454 338 1521 Inde
353 1453 547 1521 concludere
562 1472 628 1521 non
652 1452 764 1519 dubito
789 1453 874 1518 obire
895 1470 954 1534 pro
977 1454 1058 1517 omri
1080 1450 1202 1517 dictum
1225 1470 1267 1517 cx
1289 1449 1432 1517 siderum

257 1560 473 1627 occidentium
489 1559 731 1643 comparatione
751 1564 865 1625 uatum
887 1578 970 1625 esse.
1007 1558 1101 1625 Nunc
1117 1558 1160 1625 ad
1174 1558 1311 1625 verbum
1325 1556 1433 1639 ipsum

256 1666 456 1734 transiturus
473 1686 511 1733 eo
528 1666 705 1747 contineor,
728 1672 766 1732 ut
781 1668 915 1734 brevem
930 1666 1074 1733 locorum
1088 1664 1228 1731 indicem
1243 1683 1431 1747 proponam.

255 1775 302 1841 ut
325 1794 398 1842 eum
420 1774 549 1857 quidem
572 1773 718 1841 ordinem
739 1773 920 1855 instituam,
943 1776 980 1839 ut
1003 1791 1152 1856 separem

346 1879 380 1967 a)
405 1883 488 1948 obire
509 1901 568 1965 pro
591 1881 740 1949 occidere
763 1881 898 1947 dictum:

303 1989 400 2057 Lucr.
422 1990 470 2056 IV
493 1986 575 2055 433:

416 2096 451 2163 iu
473 2097 592 2180 pelago
615 2094 727 2163 nautis
751 2114 793 2161 ex
815 2093 911 2161 undis
935 2097 1026 2161 ortus
1049 2093 1084 2159 in
1106 2092 1203 2160 undis

417 2204 466 2270 sol
489 2203 526 2270 fit
549 2202 598 2269 uti
620 2202 773 2271 videatur
796 2202 887 2268 obire
915 2204 950 2268 et
978 2201 1118 2267 condere
1139 2200 1257 2267 lumen.

301 2310 367 2377 (lic.
383 2308 573 2378 araurem
597 2309 728 2377 abditur
745 2308 855 2391 Orion,
878 2309 948 2375 obit
971 2312 1006 2374 et
1018 2309 1128 2392 Lepus
1152 2307 1284 2373 abditus
1298 2298 1432 2373 umbra.

301 2417 366 2484 Cic.
389 2436 435 2484 re.
458 2418 545 2500 publ.
566 2418 614 2485 Vl
641 2415 702 2484 22:
728 2416 763 2482 in
791 2415 927 2483 orientis
952 2418 1010 2481 aut
1033 2414 1184 2482 obeuntis
1207 2414 1286 2481 solis
1309 2412 1433 2480 ultimis

417 2524 577 2607 partibus.

304 2630 388 2699 Stat.
411 2630 491 2699 Silv.
514 2629 545 2698 2.
569 2628 598 2697 1.
621 2628 704 2697 209:
727 2633 849 2698 obeunt
872 2634 980 2712 astra3

301 2738 385 2805 Pliu.
409 2740 468 2804 nat
491 2737 567 2805 hist.
590 2736 620 2805 2.
645 2735 696 2805 16.
719 2736 779 2805 24:
812 2758 856 2805 an
881 2737 992 2805 sidera
1014 2737 1143 2804 obirent
1166 2737 1433 2803 nascerenturvc.

346 2844 383 2931 b)
407 2846 490 2912 obire
512 2866 570 2929 pro
587 2846 669 2912 mori
690 2858 900 2929 usurpatum:

299 2953 397 3020 Lucr.
412 2953 464 3019 ΙΠ
481 2949 584 3019 1040:
607 2952 678 3036 ipse
693 2952 857 3036 Epicurus
883 2952 951 3019 obit
977 2951 1114 3019 decurso
1134 2950 1255 3018 lumine
1271 2950 1360 3018 vitae
1377 3000 1384 3015 .
1400 3000 1408 3016 .
1425 3000 1433 3015 .

418 3110 426 3127 .
451 3110 458 3127 .
482 3109 489 3126 .
512 3061 550 3126 ut
573 3059 739 3127 aetherius
763 3060 829 3141 eol;

301 3168 398 3234 Lucr.
428 3163 611 3233 1111045:
642 3169 680 3232 tu
714 3186 793 3234 vero
825 3164 991 3234 dubitabis
1022 3167 1057 3232 et
1085 3164 1303 3250 indignabere
1333 3163 1433 3245 obire,

417 3275 547 3340 mortua
569 3272 622 3339 cui
644 3273 773 3341 sitast?

302 3381 381 3446 Hor.
396 3380 448 3447 ΠΙ
464 3380 523 3447 Od.
540 3378 570 3447 9.
582 3378 641 3447 24:
665 3383 773 3447 tecum
789 3380 903 3448 vivere
918 3399 1036 3461 amem,
1056 3381 1164 3447 tecum
1184 3381 1297 3446 obeam
1312 3378 1432 3445 libens!

302 3488 381 3553 Hor.
404 3488 439 3553 H
461 3486 520 3554 Od.
545 3485 596 3554 17.
619 3485 658 3555 2:
689 3507 751 3554 uec
780 3487 831 3554 dis
855 3486 994 3553 amicum
1016 3490 1069 3555 est
1096 3506 1157 3555 uec
1184 3486 1262 3552 mihi
1284 3489 1319 3552 te
1341 3486 1433 3570 prius

418 3592 524 3675 obire;
547 3593 627 3660 item
649 3594 729 3661 Hor.
752 3594 787 3659 H
810 3592 870 3660 Od.
893 3590 946 3659 20.
969 3590 1000 3661 7.
1046 3593 1115 3661 Sat.
1137 3594 1173 3661 ΙΙ
1195 3593 1225 3659 8.
1249 3589 1301 3658 59.

302 3700 398 3783 Prop.
420 3700 455 3765 H
478 3697 509 3767 3.
532 3697 592 3767 39:
624 3697 724 3783 digna
754 3698 895 3781 quidem
913 3698 1035 3780 facies,
1065 3716 1123 3781 pro
1155 3717 1220 3780 qua
1246 3698 1300 3765 vel
1328 3698 1434 3765 obiret

419 3796 581 3888 Achillem
606 3804 665 3874 cfr.
686 3804 759 3873 Liv.
783 3804 813 3872 5.
837 3804 889 3873 39.

346 3912 387 3977 In
416 3911 604 3980 universum
635 3915 744 3980 autem
775 3912 995 3980 animadverti
1024 3914 1135 3994 petest
1165 3912 1248 3977 obire
1270 3931 1329 3994 pro
1352 3915 1435 3976 morl

258 4019 431 4101 Augustea
443 4018 732 4088 aetatcrarissime
744 4018 902 4101 inveniri;
918 4037 993 4085 nam
1006 4021 1044 4084 ut
1055 4035 1097 4085 ex
1108 4017 1273 4100 Cicerone,
1283 4016 1440 4084 Cornelio·

349 4177 376 4245 1)
394 4174 467 4231 Nam
486 4174 567 4232 locus
580 4174 725 4233 Plautinus
737 4176 816 4247 Epid.
835 4179 904 4232 512:
922 4177 1003 4233 malo
1015 4175 1152 4233 cruciatu
1171 4179 1205 4233 ut
1220 4188 1330 4245 pereas
1342 4183 1434 4245 atoue

259 4264 351 4322 odeas
369 4264 437 4336 cito,
456 4265 502 4334 qui
518 4264 576 4320 lere
591 4264 722 4322 omnibus
741 4266 769 4322 in
788 4265 888 4322 lexicis
900 4266 1044 4330 invenitur,
1062 4265 1101 4321 ita
1119 4278 1178 4321 non
1195 4264 1312 4321 traditus
1331 4266 1384 4327 est,
1403 4266 1433 4319 et

259 4352 377 4411 Schoell
389 4354 416 4409 ln
428 4351 551 4409 editione
563 4352 758 4411 recentissima
771 4353 865 4412 abeas
877 4352 1170 4411 secuudumcodices
1183 4354 1290 4423 optime
1298 4349 1434 4409 restituit
