3142 5059
627 514 846 583 ..29-

148 800 152 807 ¹
237 716 341 783 Simili
363 716 492 783 ratione
507 718 624 803 sopitus
643 734 702 798 pro
718 721 859 780 mortuus
881 712 1032 781 oeeurrit.
1070 715 1216 797 exemplo
1240 714 1324 782 sint:

192 823 288 891 Luer.
311 824 373 891 III.
397 821 479 890 920:
509 843 570 891 nea
601 822 664 890 sibi
695 821 781 889 enim
809 820 980 904 quisquam
1005 825 1076 888 tum
1098 841 1134 889 se
1157 822 1324 904 vitamque

307 929 454 1012 requirit,
478 949 550 999 eum
572 930 698 1014 pariter
721 948 813 997 mens
836 931 871 995 et
886 948 1003 1012 eorpus
1019 929 1129 1013 sopita
1144 928 1325 1011 quieseunt.

192 1038 288 1106 Luer.
311 1038 372 1103 ΠΙ.
395 1034 478 1103 902:
500 1040 538 1104 tu
561 1036 690 1120 quidem
711 1041 749 1103 ut
772 1056 809 1105 es
831 1036 899 1103 leto
922 1036 1065 1121 sopitus3

193 1145 290 1211 Luer.
312 1144 372 1209 ΠΙ.
397 1141 500 1211 1036:
524 1142 715 1228 (Homerus)
738 1143 848 1227 quiete
871 1143 1007 1227 sopitus.

148 1252 311 1335 Exempla
340 1272 382 1319 ex
411 1251 516 1317 titulis
547 1251 626 1317 mihi
655 1254 789 1336 praesto
812 1270 877 1318 non
905 1253 999 1333 sunt,
1030 1270 1223 1333 quamquam
1247 1252 1324 1334 quin

147 1358 232 1426 talia
253 1358 464 1428 inveniantur
487 1358 615 1426 omnino
639 1378 706 1426 non
729 1358 851 1425 dubito.

238 1483 399 1567 Quoniam
410 1483 451 1550 de
464 1484 693 1566 substantivis,
706 1503 791 1566 quae
800 1482 1124 1552 vooabulimorsviee
1132 1483 1323 1569 iunguntur,

149 1591 326 1675 disputavi,
349 1610 436 1658 nuno
453 1591 495 1657 ad
511 1590 635 1674 aliquot
650 1593 784 1660 verba
806 1592 925 1658 iterum
940 1591 1082 1659 maxima
1105 1612 1147 1659 ex
1169 1594 1265 1675 parte
1282 1612 1323 1659 ex

149 1698 347 1766 carminibus
364 1699 602 1782 sepulcralibus
616 1700 719 1765 allata
735 1698 877 1765 animum
893 1698 1089 1783 derigamus,
1110 1702 1148 1766 ut
1163 1718 1323 1782 quaenam

147 1806 182 1873 in
225 1806 332 1873 locum
370 1804 513 1872 notionis
552 1809 633 1871 morl
670 1808 897 1889 supponantur
934 1824 1033 1874 voees
1072 1824 1324 1890 cognoscamus3

151 1914 298 1997 exemplo
323 1911 407 1997 sint:

238 2036 272 2119 a)
296 2040 374 2105 viril
397 2035 456 2125 (.-.
479 2057 515 2104 er
538 2038 598 2103 hat
621 2036 820 2124 ausgelebt).

195 2146 233 2213 Β.
258 2143 362 2211 1304:
386 2164 465 2211 oara
488 2144 556 2212 suis
579 2144 664 2213 vixit
688 2196 695 2212 .
719 2195 726 2211 .
752 2196 759 2212 .
783 2164 880 2227 quam
895 2164 1076 2228 properans
1099 2145 1179 2212 fatis
1202 2146 1325 2228 pressit

310 2254 432 2320 acerba
455 2252 539 2335 dies;

193 2360 232 2427 B.
256 2357 338 2426 567:
364 2359 455 2442 vixit,
477 2359 589 2443 rapuit
611 2379 708 2442 quam
731 2379 818 2427 mors
841 2360 875 2427 in
898 2360 1009 2428 limine
1031 2360 1139 2443 vitae,

194 2468 232 2534 B.
257 2465 338 2533 381:
362 2466 430 2535 vixi
453 2466 524 2536 viro
549 2486 627 2533 aare
650 2471 827 2549 custosque
850 2467 972 2551 tidelis3

195 2574 234 2641 B.
258 2572 339 2641 106:
362 2573 432 2642 vixi
454 2575 572 2642 beatus
596 2573 656 2642 dis.

238 2696 275 2782 b)
298 2703 363 2765 lom
386 2721 449 2764 noa
473 2707 513 2765 est
536 2696 595 2787 (z
619 2719 655 2767 er
677 2699 723 2766 ist
745 2700 838 2767 nieht
860 2698 975 2786 mehr).

195 2806 233 2871 B.
257 2802 338 2871 423:
362 2806 468 2889 Oppia
490 2805 557 2872 iam
579 2826 644 2873 non
668 2808 736 2888 est;

196 2910 234 2978 B.
265 2908 347 2977 152:
380 2915 486 2981 mater
516 2915 757 2980 monumentum
789 2912 870 2979 feeit
899 2932 1050 2980 maerens
1084 2913 1150 2980 filio
1185 2933 1227 2981 ex
1261 2934 1323 2996 quo

310 3017 390 3086 nihil
414 3038 556 3102 unquam
579 3019 692 3101 doluit,
715 3018 780 3086 nisi
803 3038 876 3086 oum
897 3020 927 3086 is
950 3040 1016 3087 non
1039 3019 1103 3087 fuit

150 3122 262 3212 (quam
303 3126 439 3193 eandem
475 3126 672 3194 sententiam
706 3126 924 3210 pulcherrime
958 3127 1121 3211 expressit
1155 3128 1324 3196 Chamisso

149 3233 250 3313 poeta
264 3232 375 3300 verbis
399 3232 595 3316 praeclaris:
619 3234 692 3299 Nun
715 3234 794 3300 hast
813 3233 857 3299 du
880 3233 941 3299 mir
964 3234 1028 3300 deu
1043 3236 1155 3301 ersten
1171 3234 1324 3301 Sohmerz

150 3341 251 3420 getan
274 3337 374 3425 eqs.);
406 3340 545 3407 elocutio
577 3362 613 3405 ea
643 3363 701 3427 quo
732 3340 803 3407 sive
831 3362 868 3406 oa
895 3362 957 3427 qao
978 3342 1059 3406 nihil
1079 3363 1216 3429 raptam
1238 3343 1325 3407 dolui

150 3444 241 3512 varie
271 3449 400 3513 mutata
428 3446 589 3515 oeeourrit
619 3446 652 3514 in
683 3446 790 3513 titulis
817 3447 925 3515 velut:
956 3446 990 3514 0.
1013 3447 1040 3516 I.
1064 3447 1102 3515 L.
1124 3448 1182 3515 VI.
1205 3444 1324 3530 23176,

150 3548 390 3635 elatasque
415 3551 532 3620 19100.
653 3612 655 3616 ,

239 3675 271 3761 a)
286 3678 358 3764 suit
372 3674 431 3763 (z
443 3698 480 3745 er
491 3677 536 3745 ist
549 3676 674 3762 dahiu),
691 3678 776 3760 quod
787 3677 909 3761 primus
921 3678 1095 3747 Lucretius
1112 3678 1324 3761 usurpavisse

149 3781 298 3865 videtur3
322 3783 402 3851 dicit
425 3784 510 3851 euim
533 3785 594 3851 ΠΙ.
618 3781 700 3850 915:
1044 3799 1046 3802 ·

309 3889 375 3956 iam
398 3890 507 3975 fuerit,
531 3910 636 3974 neque
658 3894 734 3974 post
756 3910 899 3974 unquam
921 3909 1079 3960 revocare
1101 3889 1231 3972 lioebit;

149 4012 237 4079 redit
258 4014 341 4081 haee
363 4033 429 4082 vox
452 4016 539 4098 apud
561 4016 658 4099 Verg.
682 4016 764 4081 Aen.
787 4015 830 4081 Π.
853 4012 936 4080 325;

316 4118 455 4205 ,inimus
471 4123 584 4204 Troes,
600 4120 663 4187 fuit
679 4120 773 4187 Ilium
791 4122 825 4186 et
840 4119 958 4203 ingens
974 4118 1081 4203 gloria
1096 4118 1326 4188 Teucrorum“.

239 4244 321 4311 Inde
343 4245 379 4313 in
401 4245 515 4313 titulos
539 4244 711 4329 migravit:
734 4242 892 4327 inspicias

195 4348 229 4416 0.
252 4350 278 4418 I.
300 4350 339 4418 L.
363 4351 406 4418 H.
430 4348 534 4418 3676:
557 4349 652 4418 fuisti
673 4350 766 4433 vale;
