3142 5059
608 520 859 589 ..51...

127 714 241 783 eodem
272 733 372 785 sensu
404 713 553 781 adhiberi
584 714 740 799 exemplis
764 716 1007 783 demonstretur
1027 714 1089 782 his.
1135 714 1229 791 Gons.
1260 714 1303 781 ad

127 822 209 918 Liv.
222 842 253 889 v.
278 819 338 889 75:

288 931 367 995 cedis
390 936 418 993 et
439 932 591 995 incessum
614 938 668 996 tuo
690 932 829 1012 nomino,
853 931 965 1011 Druse,
990 931 1140 1010 menter,

287 1038 399 1103 ultimo
420 1039 459 1101 sit
474 1037 545 1123 foti
565 1038 640 1103 boec
661 1058 782 1103 semme
804 1038 941 1125 querella
964 1038 1020 1102 tui.

127 1162 189 1247 Qui
205 1181 324 1231 versus
347 1182 413 1229 non
436 1162 533 1229 aliter
554 1162 704 1247 intellegi
726 1166 865 1246 possunt
888 1164 987 1244 atque
1009 1165 1047 1227 ut
1069 1157 1303 1244 Huobnerus1)

128 1288 182 1337 eos
205 1269 447 1353 intellegendos
470 1268 649 1353 proposuit,
673 1269 727 1351 qui
747 1268 850 1336 vertit
872 1267 936 1335 sic:
959 1268 1011 1334 Du
1035 1267 1103 1334 bist
1126 1267 1225 1334 dabin
1247 1286 1303 1350 ge-

127 1396 278 1461 gangen,
312 1378 495 1461 vergebens
528 1377 672 1444 erhoben
701 1376 762 1445 wir
793 1376 857 1442 den
886 1375 957 1442 Ruf
984 1375 1069 1442 nacb
1098 1374 1176 1457 Dir3
1209 1380 1303 1457 mdge

126 1483 330 1568 wenigstens
361 1483 452 1550 nicbt
481 1484 566 1551 nocb
593 1503 677 1551 neue
704 1484 812 1567 Klege
844 1482 974 1567 folgen3
1005 1501 1066 1549 nec
1098 1481 1194 1547 aliter
1224 1480 1304 1547 dicit

127 1589 242 1657 Senee.
271 1591 314 1658 ad
339 1592 440 1658 Marc.
469 1591 569 1657 XXI:
598 1591 734 1658 homiues
764 1594 808 1656 ad
839 1590 1047 1657 tredecimum
1076 1597 1192 1676 tempus
1221 1590 1302 1669 editi,

127 1700 185 1763 cdo
213 1702 329 1765 cessere·
355 1697 414 1784 (sc.
438 1695 618 1783 morituri);
651 1698 754 1764 addas
787 1696 888 1763 etiam
909 1697 989 1763 Hor.
1012 1697 1047 1761 Π
1070 1695 1129 1762 Od.
1153 1693 1173 1761 3
1196 1715 1228 1763 v.
1253 1692 1304 1761 19.

127 1803 192 1870 Sed
215 1804 437 1873 usitatissima
456 1825 522 1874 vox
537 1804 600 1887 vel,
623 1807 662 1871 ut
684 1802 813 1871 cautius
837 1803 952 1883 dicam,
975 1821 1042 1869 una
1064 1822 1106 1869 ex
1128 1800 1305 1869 usitatissi-

126 1910 186 1977 mis
211 1916 267 1979 est

625 2015 811 2090 decedere.

214 2142 409 2226 Priusquam
432 2146 542 2211 autem
565 2144 714 2228 exempla
735 2143 832 2210 huius
853 2160 932 2209 usus
947 2139 1121 2225 proferam,
1145 2160 1208 2223 quo
1223 2144 1304 2207 tem-

127 2268 205 2331 pore
229 2252 370 2317 decedere
392 2250 428 2317 in
449 2251 614 2319 notionem
637 2249 796 2317 moriendi
819 2248 952 2331 abierit,
980 2248 1113 2332 expedit
1136 2250 1305 2315 adnotare.

129 2356 286 2424 Plautum
307 2359 369 2427 boc
384 2358 519 2428 verbum
536 2377 601 2425 non
624 2357 688 2426 nisi
707 2357 840 2441 propria
863 2355 1102 2441 significatione
1117 2355 1306 2425 adhibuisse

128 2466 162 2530 et
195 2464 386 2532 Terentium
419 2464 547 2532 demum
582 2468 721 2531 decedere
754 2464 918 2531 translate
953 2468 1167 2547 usurpantem
1205 2462 1305 2530 anim-

129 2571 261 2639 adverti
283 2572 403 2655 optime
423 2572 661 2642 demonstravit
676 2572 711 2639 P.
726 2568 906 2657 Langend)
944 2571 1073 2638 Addam
1096 2591 1137 2638 ex
1151 2570 1306 2637 Terentio

129 2680 313 2762 exemplum
336 2680 406 2761 boe
429 2680 531 2747 Andr.
554 2677 637 2747 816:

291 2788 329 2852 de
350 2807 473 2853 semme
495 2788 576 2854 odit
597 2788 725 2853 decedet.

129 2892 195 2960 Sed
218 2892 335 2978 magis,
357 2895 396 2960 ut
417 2893 495 2960 mibi
518 2892 659 2976 ridetur,
686 2892 729 2959 ad
750 2891 917 2959 notionem
939 2896 1024 2957 mori
1045 2892 1307 2959 constituendam

130 3001 245 3067 attulit
267 3000 310 3083 id,
334 3001 419 3083 quod
441 3000 580 3086 legimus
604 2999 692 3084 apud
714 3000 872 3067 Catonem
894 2998 940 3086 (p.
963 2997 1017 3067 20.
1042 2997 1083 3066 11
1107 2996 1249 3084 Jordan)

294 3107 561 3195 Cartbope'nienees
583 3109 620 3173 de
633 3108 766 3194 foedere
789 3109 935 3173 decessere
958 3155 967 3173 .
991 3156 999 3173 .
1025 3130 1054 3189 .;

130 3232 228 3294 quam
244 3213 458 3281 elocutionem
473 3233 540 3282 non
556 3214 627 3280 sine
642 3213 877 3297 probabilitate
891 3213 1039 3281 imitatus
1055 3213 1167 3280 Cicero
1191 3215 1307 3296 postea

130 3322 271 3388 decedere
293 3323 331 3387 de
352 3325 416 3388 eite
437 3320 603 3390 formavit.
650 3320 710 3389 cfr.
734 3320 801 3389 Cic.
822 3341 881 3405 pro
904 3321 988 3388 Bab.
1012 3318 1071 3386 11:

292 3432 345 3515 qui
366 3432 430 3495 iem
455 3430 493 3494 de
514 3434 579 3495 cito
602 3431 795 3497 decesserunt.

132 3534 298 3603 Ciceronis
320 3534 423 3620 igitur
446 3536 567 3603 aetatis
598 3538 650 3604 est
672 3556 738 3604 vox
769 3537 909 3602 dedere
939 3538 976 3602 de
999 3539 1080 3619 ede;
1117 3536 1200 3602 baec
1223 3534 1309 3602 enim

131 3644 295 3711 vetustior
317 3642 423 3709 torma
445 3642 624 3712 ferebatur.
1155 3663 1157 3666 ’

221 3742 354 3835 Contra
366 3770 506 3835 decedere
529 3769 680 3836 absolute
701 3768 882 3837 adhibitum
899 3769 941 3834 ab
957 3767 1114 3834 Cicerone
1128 3765 1309 3849 ignoratur,

133 3877 233 3956 atque
263 3874 356 3941 Corn.
388 3876 497 3960 Nepos
525 3876 649 3973 primus
681 3880 750 3957 est,
780 3879 938 3957 quantum
969 3893 1031 3958 ego
1054 3872 1137 3954 vidi,
1172 3872 1227 3955 qui
1260 3873 1309 3938 ita

133 3981 274 4066 scripsit.
318 3982 498 4067 Inspicias:

223 4192 250 4265 1)
270 4193 319 4251 cir.
339 4192 432 4251 Herm.
451 4192 508 4252 vol.
527 4192 594 4251 Xlll.
613 4209 640 4263 p.
659 4196 721 4249 224.

222 4282 250 4353 2)
264 4282 312 4341 εῖτ.
324 4281 400 4340 Petri
410 4282 526 4353 Langen
538 4282 818 4349 commentationem,
832 4294 905 4351 quae
916 4280 1086 4338 inscribitur:
1098 4280 1152 4337 Die
1161 4280 1310 4351 Metaphcr

134 4367 172 4425 im
191 4369 392 4429 Leteiniacben
411 4386 469 4429 von
487 4370 578 4429 Plaut.
597 4372 641 4428 bis
658 4370 777 4429 Terenz.
804 4370 897 4428 Jahrb.
915 4370 934 4429 i.
953 4369 1023 4428 Phil.
1043 4372 1112 4427 1883
1130 4384 1158 4441 p.
1175 4372 1228 4426 686
1247 4385 1308 4441 sqq.

1132 4475 1148 4509 Ι

1113 4478 1133 4532 4
