3142 5059
365 1279 504 1370 Voces
533 1174 747 1370 cotidiani
772 1302 854 1368 usu
881 1277 1111 1369 adhibitae.

240 1493 440 1579 Quicumque
470 1496 534 1562 hae
564 1492 605 1561 de
636 1492 827 1577 quaestione
859 1492 1087 1576 disputaturus
1118 1494 1171 1560 est
1191 1493 1326 1575 propter

150 1601 383 1670 vocabulorum
398 1601 525 1684 eopiam
549 1600 714 1685 ambigere
729 1599 860 1684 poterit,
884 1618 946 1681 quo
964 1601 1005 1666 ab
1028 1601 1129 1668 verbo
1146 1597 1325 1682 disputatio

151 1707 351 1775 exordiatur.
404 1707 501 1774 Hane
532 1706 661 1789 quidem
691 1706 946 1790 disputationem
977 1706 1019 1774 ad
1047 1704 1325 1790 lexicographiam

151 1815 303 1897 spectare
334 1815 482 1897 apertum
510 1815 570 1879 est.
616 1812 718 1896 Atqui
741 1812 770 1879 si
801 1812 1066 1897 lexicographiae
1089 1832 1242 1896 suprema
1270 1812 1326 1878 lex

150 1920 186 1987 in
209 1918 354 2002 quolibet
375 1921 476 1988 verbo
506 1919 680 1986 tractando
705 1939 725 1985 a
747 1919 880 2003 propria
909 1919 1003 1987 verbi
1025 1919 1265 2004 significatione
1292 1920 1327 1986 et

151 2026 186 2093 in
216 2028 390 2094 verborum
424 2045 678 2110 synonymorum
712 2026 807 2110 eopia
840 2025 1114 2110 inspiciendorum
1148 2028 1190 2093 ab
1224 2028 1343 2095 verbo

151 2133 264 2201 nativo
288 2133 558 2218 proficiscendum
581 2152 655 2200 esse
678 2132 891 2217 praeseribit,
914 2134 1000 2201 hano
1021 2133 1128 2217 legem
1150 2133 1326 2217 neglegere

150 2239 214 2308 nisi
236 2241 395 2324 volumus,
418 2239 512 2308 nobis
536 2240 719 2308 exeundum
743 2243 795 2307 est
818 2259 839 2307 a
861 2241 962 2307 verbo

684 2431 787 2507 mori.

236 2548 317 2610 mori
347 2563 444 2626 quam
473 2542 612 2611 maxime
635 2541 766 2626 proprie
788 2542 874 2609 idem
903 2543 955 2609 est
986 2543 1071 2625 qnod
1103 2561 1161 2609 nos
1186 2541 1322 2609 dicimus

153 2652 328 2734 „sterben“;
364 2650 453 2718 inest
492 2649 571 2717 nihil
607 2648 744 2734 poetici,
780 2649 861 2716 nihil
896 2649 1182 2734 exaggerationis;
1220 2667 1326 2732 neque

152 2757 400 2843 significationis
436 2757 641 2825 differentiae
675 2761 804 2840 certae,
843 2776 916 2824 oum
950 2756 1150 2842 etymologia
1184 2756 1326 2824 nondum

153 2865 237 2932 satis
267 2867 348 2932 nota
378 2864 438 2943 sit,
469 2864 539 2930 erui
569 2868 701 2946 queunt.
747 2865 949 2948 Quemquam
980 2867 1064 2929 mort
1088 2883 1162 2930 esse
1189 2863 1326 2947 primam

60 2988 63 2994 ·
154 2969 467 3053 usitatissimamque
498 2989 629 3053 vocem,
660 2990 744 3053 quae
768 2989 896 3054 semper
926 2970 1075 3037 adhiberi
1100 2970 1206 3054 possit
1235 2971 1327 3037 nulla

153 3076 282 3145 ratione
304 3075 420 3144 habita
443 3076 683 3158 condicionum,
715 3076 832 3158 quibus
855 3096 941 3144 mors
970 3077 1116 3159 aecidat,
1146 3096 1240 3145 nemo
1263 3076 1327 3144 erit

153 3184 207 3267 qui
230 3182 366 3252 neseiat.
411 3184 529 3267 Itaque
545 3184 632 3268 apud
655 3203 766 3251 omnes
783 3183 961 3268 soriptores
984 3184 1153 3268 utriusque
1168 3184 1326 3252 orationis

152 3291 284 3377 generis
300 3290 476 3359 invenitur.
522 3291 569 3358 Et
591 3290 804 3375 philosophus
819 3292 854 3358 in
870 3291 1145 3375 disputationibus
1168 3291 1209 3357 de
1231 3300 1328 3357 morte

152 3402 187 3467 et
216 3400 332 3482 poeta,
363 3398 418 3480 qui
448 3397 544 3465 amioi
571 3398 695 3465 exitum
726 3398 870 3465 carmine
902 3398 1064 3481 celebrat,
1099 3400 1236 3480 uterque
1264 3398 1327 3466 hoo

151 3507 252 3575 verbo
283 3504 397 3573 utitur.
443 3504 535 3589 Quae
567 3524 639 3572 oum
669 3504 719 3573 ita
749 3506 833 3587 sint,
864 3524 906 3572 no
936 3506 971 3572 in
1002 3525 1075 3573 mea
1105 3505 1216 3573 studia
1244 3504 1326 3572 illud

151 3611 261 3699 γλαῦκ’
285 3609 329 3688 εἰς
348 3609 492 3698 Ἀθήνας
515 3613 630 3694 eadat,
660 3633 711 3680 mo
742 3613 892 3697 exempla
921 3615 965 3680 ad
993 3613 1089 3681 huius
1117 3613 1210 3682 verbi
1232 3631 1327 3681 usum

153 3718 449 3801 demonstrandum,
461 3722 499 3788 ut
510 3722 639 3788 taoeam
648 3721 687 3788 de
696 3719 883 3803 frequentia
891 3720 1123 3804 usurpationis,
1135 3721 1328 3788 collaturum

154 3845 228 3893 asse
262 3827 328 3893 noli
362 3829 573 3912 exspectare3
613 3827 656 3895 ad
688 3828 864 3895 nonnullas
902 3826 1150 3896 observationes
1185 3826 1326 3894 animum

154 3934 327 4002 advertere
350 3934 433 4001 satis
464 3934 518 4002 sit.
563 3934 744 4003 Rarissime
774 3935 861 4002 enim
891 3938 1048 4018 qnantum
1079 3934 1227 4018 equidem
1249 3932 1327 4015 vidi,

153 4042 327 4109 verborum
357 4041 553 4123 reliquorum
583 4041 669 4108 idem
700 4062 740 4109 ae
769 4046 851 4108 mori
879 4041 1133 4126 significantium
1159 4040 1328 4109 invenitur

152 4146 351 4230 infinitivns;
381 4166 442 4214 neo
469 4149 571 4215 multo
602 4148 734 4233 saepius
766 4148 880 4216 eadem
910 4148 1013 4217 verba
1035 4148 1205 4217 vocabulis
1222 4151 1328 4233 perire

154 4258 188 4323 et
221 4257 349 4321 interire
384 4254 530 4338 exeeptis
561 4256 733 4340 pluraliter
763 4255 912 4323 adhibita
941 4258 1125 4323 ooonrrunt.
1182 4254 1327 4339 Quarum

151 4361 385 4432 inusitatorum
399 4360 577 4430 formarum
591 4362 664 4432 viee
679 4362 830 4448 fungitur
844 4366 937 4429 mori.
969 4362 1097 4431 Deinde
1111 4360 1327 4447 gerundivum
