3142 5059
206 1430 325 1543 Unum
354 1465 425 1534 iere
456 1484 576 1533 66666
607 1466 702 1547 6616,
737 1484 810 1532 666
845 1463 992 1533 6616166
1025 1465 1238 1550 epigraphica
1269 1486 1290 1534 a

112 1574 313 1642 Buechelero
336 1572 426 1640 edita
448 1572 684 1661 perscrutarer,
708 1570 833 1639 Birtius
848 1575 1044 1656 praeceptor
1060 1591 1151 1640 6666
1175 1573 1219 1641 ad
1240 1572 1289 1641 in·

38 1724 40 1727 -
112 1681 312 1749 6111666166
335 1678 559 1762 quaestionem
582 1697 633 1745 me
649 1678 807 1747 invitavit
823 1681 857 1746 et
872 1677 913 1746 16
929 1679 1025 1763 copia
1038 1682 1074 1746 61
1089 1680 1130 1748 (16
1145 1679 1289 1763 proprie·

113 1788 238 1855 tatibus
254 1785 395 1854 omnium
410 1804 526 1854 16666
541 1802 625 1867 quae
641 1785 685 1852 ad
699 1787 836 1852 mortem
851 1789 1013 1869 spectant.
1043 1787 1127 1853 Nam
1142 1788 1289 1855 saeculo·

113 1914 185 1963 rum
199 1894 338 1961 (1666166
353 1895 388 1961 61
403 1912 508 1960 66166
524 1894 694 1959 66166161
709 1895 743 1959 61
755 1911 876 1975 66166;
890 1893 1048 1977 imprimis
1060 1896 1170 1961 autem
1180 1895 1237 1962 ubi
1248 1895 1289 1962 (16

114 2004 217 2069 66116
239 2020 293 2068 166
317 2003 384 2082 661,
414 1999 564 2067 66116666
588 2001 762 2068 16116166
793 2018 858 2067 666
888 2019 1017 2083 semper
1046 2000 1111 2067 sibi
1134 2004 1290 2069 constant

114 2112 148 2177 et
178 2109 245 2176 6116
266 2108 428 2177 16661616
449 2106 484 2174 16
506 2125 600 2174 6666
622 2104 841 2190 recipiuntur,
872 2107 939 2174 alia
967 2110 1150 2174 rarescunt.
1195 2108 1290 2192 Quod

112 2216 314 2301 propositum
336 2213 413 2281 mihi
437 2213 577 2281 alienum
602 2233 668 2281 non
690 2232 765 2281 6666
784 2212 968 2296 videbatur,
992 2233 1186 2297 quamquam
1208 2213 1289 2283 illud

114 2325 253 2393 alterum
283 2323 323 2389 (16
350 2320 607 2406 proprietatibus
638 2339 735 2404 6666
758 2319 892 2388 difficile
923 2321 968 2388 611
997 2320 1200 2389 66666166
1224 2340 1290 2389 666

114 2430 215 2516 fugit,
241 2429 338 2513 idque
362 2448 400 2496 eo
424 2427 546 2513 magis,
570 2427 656 2510 66611
680 2446 783 2510 66666
807 2426 1289 2496 611666666611111111166

114 2537 154 2604 de
177 2556 212 2604 16
227 2537 488 2621 disputaverunt.
526 2535 610 2602 Nam
633 2533 883 2617 disputationes,
907 2533 1118 2617 6666161166
1133 2535 1289 2618 opusculo

115 2643 347 2712 conscribendo
372 2642 493 2709 auxilio
516 2641 595 2709 milri
618 2643 789 2723 venerunt,
813 2641 902 2709 66166
925 2642 987 2709 has
1011 2642 1094 2709 (1666
1116 2642 1240 2710 habeo:

158 2750 349 2817 Hoffmann:
372 2749 434 2817 Die
458 2747 519 2815 auf
538 2749 602 2815 den
625 2748 696 2816 Tod
718 2747 933 2833 bezuglichen
949 2748 1145 2816 Ausdruoke
1167 2748 1203 2816 16
1225 2749 1289 2817 (166

272 2854 458 2922 1161661166
478 2854 647 2922 Dichtern.
692 2853 839 2921 Berolini
861 2852 958 2923 1875.

159 2963 238 3031 Otto
261 2962 391 3030 Keller:
417 2962 485 3028 Zur
507 2961 565 3029 lat.
589 2959 922 3045 Spraohgeschichte,
952 2964 1029 3030 tom.
1051 2962 1087 3029 11
1117 2964 1177 3030 sub
1208 2981 1289 3031 1666

278 3068 573 3153 ,,Ε66116616666““
592 3089 623 3151 p.
648 3066 712 3135 155
737 3086 784 3151 sq.
807 3067 897 3151 Lips.
923 3066 1020 3136 1895.

204 3178 283 3245 Oum
306 3177 432 3257 autem,
463 3175 604 3259 6666111
628 3174 692 3244 1111
716 3174 897 3242 (1661166161
919 3176 1143 3259 protulerunt,
1175 3195 1290 3260 parum

113 3285 264 3371 perfecta
293 3284 491 3367 expletaque
521 3281 599 3349 mihi
629 3299 704 3349 6666
726 3281 904 3350 videantur
930 3320 966 3329 -
992 3282 1181 3351 Hoffmanni
1203 3282 1289 3351 66116

112 3393 222 3461 libello
246 3394 375 3458 166166
393 3390 517 3473 aliquot
532 3388 744 3457 substantiva
758 3388 845 3455 idam
860 3408 900 3456 66
915 3392 1053 3457 661166
1067 3388 1290 3475 significantia

114 3501 275 3585 congesta
296 3495 446 3566 invenies
461 3496 572 3565 verbis
596 3494 724 3563 666166
741 3495 903 3581 neglectis
926 3530 970 3543 —
992 3495 1123 3565 inanem
1144 3497 1290 3564 laborem

112 3625 164 3674 me
194 3604 361 3689 suscipere
392 3623 459 3671 non
488 3602 630 3669 arbitror
660 3602 766 3669 (16666
798 3602 839 3670 (16
869 3604 932 3670 hac
961 3622 998 3670 re
1025 3604 1129 3672 verba
1151 3602 1288 3672 faciens.

113 3714 227 3797 Neque
251 3714 292 3779 ab
316 3712 438 3779 011666
460 3710 589 3792 Keller,
621 3709 769 3792 6666116
792 3710 849 3777 ille
871 3709 924 3779 111
946 3710 1154 3779 (16611661666
1177 3711 1288 3778 661116

113 3820 149 3887 16
171 3820 270 3886 rebus
291 3818 369 3886 mihi
391 3819 479 3887 1166
502 3817 536 3884 16
551 3815 761 3900 inquisitione
776 3815 982 3885 instituenda
1004 3817 1289 3900 demonstraverit,

113 3945 168 3993 res
192 3924 236 3992 ad
256 3924 354 3992 finem
377 3924 477 3992 ducta
499 3927 565 4006 661,
593 3924 789 4008 praesertim
812 3943 882 3992 666
907 3944 974 3993 666
996 3924 1104 3993 66616
1125 3925 1289 3994 vocabula

114 4054 198 4116 6666
213 4034 277 4100 huo
292 4032 467 4115 pertinent,
489 4031 681 4116 respexerit.
725 4032 888 4115 Imprimis
903 4051 982 4102 1616
999 4031 1288 4100 commentationes

113 4141 208 4207 modo
232 4142 498 4206 commemoratas
529 4139 631 4223 siquis
662 4138 841 4224 perlegerit
871 4139 984 4207 statim
1013 4138 1187 4225 intelleget
1213 4138 1288 4207 illos

111 4249 201 4319 viros
229 4267 344 4332 parum
367 4247 598 4316 vocabulorum
620 4246 808 4331 respexisse
830 4245 1019 4330 historiam3
1040 4247 1134 4316 16161
1157 4246 1286 4315 666166

113 4376 180 4425 666
201 4354 322 4423 mentio
338 4354 385 4438 fit,
408 4373 471 4437 666
486 4356 632 4439 tempore
655 4353 789 4440 singula
802 4357 877 4422 orta
900 4352 976 4437 sint,
1000 4356 1109 4422 utrum
1132 4354 1175 4423 ab
1192 4352 1286 4422 initio
