3142 5059
278 709 342 794 Qui
379 708 598 793 exemplorum
640 728 793 777 numerus
829 709 865 776 in
894 708 1086 776 immensum
1123 707 1223 776 etiam
1264 711 1447 794 augeretur,
1547 703 1548 714 ’

279 816 308 883 si
330 816 552 885 Tacitinornm
575 816 700 900 copiam
723 816 883 884 afferrem

367 941 534 1009 Vocabnlo
558 944 656 1009 cadus
678 940 788 1022 affine,
810 940 845 1008 id
867 944 920 1008 est
943 959 984 1007 ex
1007 940 1122 1008 eadem
1144 939 1248 1023 stirpe
1271 940 1450 1010 derivatum

279 1052 332 1115 est
354 1052 489 1131 autom,
521 1067 628 1131 neque
651 1047 749 1129 alind,
779 1050 938 1130 qnantum
960 1047 1037 1129 viui,
1059 1046 1200 1113 interest
1222 1046 1311 1114 inter
1332 1049 1450 1114 utram·
1548 1057 1549 1098 i

278 1174 341 1237 que
363 1174 491 1237 vocem,
520 1154 585 1221 nisi
614 1155 700 1237 quod
722 1157 852 1220 emtum
880 1154 1036 1221 maiorem
1066 1153 1132 1222 vim
1163 1154 1285 1221 habere
1307 1154 1450 1237 videtur;

277 1266 452 1346 praeterea
474 1265 598 1329 exitium
620 1261 655 1328 in
671 1261 898 1344 antiquissimo
914 1262 1070 1328 thesauro
1086 1260 1264 1328 latinitatis
1279 1261 1451 1343 invenitur,

278 1369 502 1437 ecitusminns.
525 1368 619 1453 Quod
635 1367 1170 1451 utquambrevissimcillustrcm
1184 1367 1450 1451 inspiciashaec:

322 1494 431 1560 Plaut.
454 1492 533 1560 cist
556 1489 638 1560 662:
659 1495 770 1560 satiust
791 1494 871 1560 mibi
891 1497 998 1581 quovis
1020 1496 1111 1559 coitio
1135 1496 1280 1576 intem

322 1618 430 1686 Plaut
453 1619 574 1685 Bacch.
599 1615 702 1684 1094:
732 1622 838 1684 omnio
868 1640 916 1685 mc
944 1620 1032 1685 molo
1059 1627 1283 1702 conceduntur,
1317 1620 1453 1685 omnibus

439 1728 536 1792 coitio
559 1728 663 1791 immi
685 1763 727 1774 -
751 1725 884 1809 expedit
907 1726 1067 1793 adnotare
1098 1725 1224 1792 duobus
1252 1725 1333 1792 locis
1361 1726 1452 1792 modo

439 1832 551 1899 allatis
575 1836 702 1899 arbium
723 1832 818 1900 iuxta
840 1836 977 1917 interire,
1002 1832 1088 1915 quod
1111 1833 1155 1898 ad
1177 1832 1242 1899 vim
1264 1832 1452 1916 pronuntia·
1550 1895 1551 1910 ς

439 1938 538 2006 tionis
570 1939 755 2025 aagendam
782 1938 932 2007 adhiberi
961 1938 1028 2006 iam
1057 1958 1158 2023 snpra
1188 1959 1220 2023 p.
1252 1936 1293 2005 16
1325 1938 1451 2006 demon·
1550 1999 1551 2004 ,

440 2046 556 2128 stravi,
580 2050 669 2116 certe
691 2066 757 2114 non
781 2047 853 2114 sine
876 2066 979 2114 causa
1000 2045 1143 2131 positum
1166 2065 1240 2115 esse
1263 2071 1324 2130 -;

322 2171 431 2239 Plaul.
454 2172 528 2240 Aul.
550 2191 583 2239 v.
605 2170 688 2239 275:
715 2194 799 2238 auno
819 2172 906 2238 nobis
924 2193 1024 2259 propo
1046 2173 1132 2237 odam
1154 2173 1279 2238 mium
1303 2206 1345 2217 -
1368 2170 1451 2253 posi·

439 2281 509 2346 tum
525 2281 586 2361 cst,
609 2282 648 2345 ut
662 2278 727 2348 vim
743 2278 993 2347 exclamationis
1010 2280 1174 2363 augeatur
1191 2304 1249 2361 -;
1264 2280 1299 2345 et
1313 2278 1451 2361 saepius.
1551 2273 1552 2304 ³

367 2405 487 2485 ltaque
502 2402 685 2486 discrimen,
708 2404 795 2487 quod
811 2405 924 2472 exstat
948 2404 955 2419 “
980 2406 1033 2471 ter
1048 2407 1175 2470 mitium
1196 2407 1233 2471 ot
1253 2407 1358 2486 miluo,
1382 2423 1450 2487 pro-

278 2509 437 2593 portionis
468 2509 608 2577 lormula
638 2511 668 2579 si
697 2511 770 2594 quis
801 2511 1028 2580 demonstrare
1056 2511 1175 2594 vellet,
1208 2512 1292 2578 haec
1320 2509 1452 2578 formari
1552 2523 1553 2612 l

277 2620 392 2700 posset
414 2616 479 2685 sic:
1552 2621 1553 2644 l

667 2797 804 2866 exitium
832 2795 877 2808 “
907 2796 1064 2867 interire'

366 2938 487 3007 Restat
509 2943 547 3007 ut
570 2939 611 3007 de
634 2940 844 3010 substantivo
866 2937 1042 3013 mansibus
1062 2960 1170 3025 pauca
1184 2941 1319 3024 addam3
1341 2960 1451 3010 verum

278 3050 388 3112 tamen
411 3046 446 3112 in
469 3046 625 3130 exemplis
650 3047 915 3115 antecedentium
937 3067 1054 3117 vocum
1080 3047 1256 3116 afferendis
1279 3068 1352 3116 oum
1374 3047 1452 3115 locis

278 3151 487 3237 abundarem,
503 3172 590 3222 nunc
604 3156 734 3222 tantum
748 3174 849 3223 unum
863 3156 979 3238 habeo,
995 3174 1090 3239 quem
1106 3156 1239 3239 addam
1262 3154 1322 3224 clr.
1339 3156 1452 3223 Senec.

278 3278 328 3342 ep.
345 3256 396 3326 14.
411 3256 470 3327 24:
493 3282 578 3327 mors
598 3263 675 3351 qm'd
697 3263 759 3328 eet?
782 3268 837 3328 out
852 3262 934 3349 fleis
956 3271 1012 3329 oro
1034 3265 1192 3329 tramitae.
1231 3262 1334 3346 Quem
1349 3262 1453 3329 locum

279 3384 329 3432 me
348 3365 534 3450 repperisse
556 3367 702 3451 gaudem
724 3386 802 3436 nam
824 3370 1019 3438 vocabulum
1041 3368 1128 3452 apud
1150 3368 1329 3452 scriptores
1351 3369 1452 3436 eccle·

278 3470 432 3539 siasticos
463 3476 498 3540 et
525 3473 561 3540 in
588 3473 694 3542 titulis
717 3475 907 3544 christianis
931 3476 1065 3559 saepius
1088 3494 1261 3544 occmrere
1283 3495 1356 3543 cum
1380 3493 1453 3542 con·

279 3580 356 3660 stet,
379 3578 538 3647 Senecam
559 3579 698 3664 primum
720 3586 871 3650 transibo
893 3582 1007 3650 eodem
1029 3602 1129 3651 senso
1153 3582 1342 3650 adhibuisse
1370 3581 1453 3665 qnod

277 3682 419 3754 sciamus
441 3684 651 3755 iniucundum
674 3706 738 3756 non
762 3707 836 3758 esse
859 3692 979 3773 potest.

366 3791 438 3858 Iam
469 3793 514 3860 ad
544 3793 640 3861 finem
670 3796 880 3879 pervenimus
910 3795 945 3861 in
972 3795 1232 3879 interpretandis
1254 3794 1392 3864 vocibus
1414 3815 1454 3861 ex

278 3896 382 3979 stirpe
403 3901 449 3964 ire
471 3898 631 3983 formatis,
659 3919 721 3969 nec
743 3902 844 3969 ullam
866 3920 918 3968 me
940 3900 1129 3986 neglexisse
1150 3915 1240 3985 puto.

366 4021 493 4090 Eadem
523 4028 633 4092 autem
662 4024 793 4093 ratione
823 4028 923 4108 atque
951 4028 1000 4091 iro
1029 4025 1131 4109 stirps
1161 4028 1264 4091 eodm
1294 4064 1333 4074 -
1366 4026 1454 4093 inest

279 4126 365 4194 enim
378 4128 443 4212 ipsi
459 4148 585 4212 quoqne
601 4134 715 4214 tropus
727 4131 890 4217 migrandi
902 4168 944 4179 —
961 4133 1129 4214 tamquam
1144 4134 1230 4199 altar
1244 4131 1320 4200 fons
1336 4132 1453 4213 evasit,

278 4254 321 4300 ex
343 4254 408 4316 qna
437 4236 573 4304 totidem
604 4236 674 4305 lere
701 4257 808 4307 norae
830 4257 929 4308 voces
951 4237 1037 4306 idem
1060 4243 1205 4307 nemori
1227 4238 1452 4323 significantes

278 4338 451 4409 linxerunt
496 4342 639 4410 Primum
668 4347 706 4410 ot
734 4346 781 4411 tre
810 4345 946 4413 verbum
976 4344 1115 4429 simplex
1143 4345 1194 4438 ita
1222 4345 1325 4413 etiam
1353 4349 1454 4413 codar
