3142 5059
590 502 812 571 ..47-

153 697 222 766 Cic.
238 698 337 766 Tusc.
356 697 415 766 74:
439 751 446 767 .
470 752 477 769 .
502 751 509 768 .
532 720 574 768 ne
595 702 704 770 laetus
721 720 762 769 ex
777 699 829 768 his
847 700 993 769 tenebris
1016 700 1050 767 in
1073 701 1178 767 lucem
1200 699 1290 768 illam

276 806 469 890 excesserit,
498 809 557 876 sad
579 813 745 891 tamquam
768 827 790 875 a
812 808 1010 893 magistratu
1033 812 1092 875 aut
1115 809 1157 873 ab
1180 808 1291 889 aliqua

275 916 444 996 potestate
465 915 622 1001 legitima,
646 916 694 985 sic
718 936 739 983 a
757 916 817 984 deo
842 916 902 1001 (sc.
919 935 940 982 a
955 915 1016 982 deo
1030 913 1065 980 in
1080 914 1175 983 uobis
1191 914 1290 981 domi·

275 1019 392 1107 nante)
416 1027 573 1092 evocatus
596 1026 696 1106 atque
719 1023 859 1090 emissus
882 1021 1008 1090 exierit.

153 1145 277 1214 Senec.
302 1167 351 1230 ep.
375 1145 427 1216 36.
451 1146 511 1215 11:
535 1168 639 1231 aequo
663 1148 769 1215 animo
793 1149 892 1216 debat
914 1146 1079 1215 rediturus
1103 1146 1202 1214 exire.

210 1304 227 1337 „
320 1305 335 1337 „
376 1253 428 1322 61.
473 1254 512 1322 2:
533 1258 671 1339 paratus
695 1275 766 1324 aum
789 1254 888 1323 exire.

209 1410 226 1443 „
319 1413 335 1445 „
375 1360 845 1431 68.14:utmeliorexeam
869 1415 876 1432 .
900 1415 939 1431 ..

209 1518 226 1551 „
319 1520 334 1552 „
375 1468 427 1539 54.
473 1469 511 1538 7:
535 1490 619 1554 quae
643 1474 696 1538 est
718 1471 804 1539 enim
825 1470 932 1540 virtus
953 1490 1025 1539 cum
1046 1469 1176 1539 eiciaris
1192 1470 1291 1538 exire.

210 1626 227 1657 „
320 1627 335 1659 ‚‚
376 1574 428 1645 70.
451 1576 512 1645 23:
534 1577 616 1644 nihil
639 1579 751 1647 obstat
773 1597 942 1662 erumpere
965 1582 1000 1645 et
1022 1578 1112 1645 exire
1139 1577 1292 1662 66616661.

211 1733 227 1765 ,,
319 1734 335 1766 ,,
376 1682 428 1753 93.
474 1683 512 1752 9;
535 1704 597 1752 666
619 1687 682 1752 hac
705 1705 773 1770 spe,
802 1680 921 1768 inquit,
945 1685 1064 1752 lortius
1088 1705 1182 1769 exeo,
1206 1685 1292 1768 quod

535 1796 650 1876 patere
679 1792 758 1860 mihi
789 1794 832 1860 ad
861 1792 940 1860 deos
970 1811 1060 1860 meos
1081 1792 1147 1861 iter
1168 1792 1292 1875 indic03

151 1879 237 1947 item
262 1899 312 1963 66.
336 1878 389 1948 98.
412 1879 464 1949 16.

109 2004 240 2088 Quibus
273 2006 430 2090 exemplis
461 2007 616 2075 moralem
647 2008 783 2076 subesse
813 2006 975 2074 rationem
997 2006 1071 2075 voci
1094 2010 1179 2073 eolre
1208 2006 1291 2075 satis

110 2116 266 2197 apparet,
289 2116 324 2180 66
346 2113 448 2196 siquis
470 2114 617 2198 pleniore
639 2115 804 2183 locutione
826 2113 876 2180 nti
890 2114 1001 2196 vellet,
1024 2133 1111 2180 nunc
1125 2133 1192 2180 non
1210 2117 1293 2179 accire

111 2241 126 2283 e
148 2223 216 2287 olla
239 2219 302 2287 illa
324 2225 467 2305 sonaret
491 2221 550 2291 sed
565 2222 673 2306 potins
689 2226 771 2289 eolre
787 2243 802 2287 e
817 2244 953 2309 corpore,
977 2220 1012 2288 id
1032 2224 1084 2288 est
1099 2240 1136 2288 66
1150 2220 1293 2287 liberare

112 2345 133 2393 6
155 2346 297 2412 corpore
319 2331 487 2412 tamquam
510 2349 530 2397 a
552 2329 693 2399 vinculo.
734 2330 808 2396 Hac
830 2328 1103 2412 interpretatione
1125 2327 1294 2411 proposita

110 2432 177 2501 iam
202 2434 311 2503 sentis
334 2455 397 2517 quo
419 2436 571 2519 tendam3
602 2455 678 2502 nam
707 2439 793 2501 eolre
821 2437 884 2503 hoc
914 2453 1014 2503 sensu
1043 2434 1227 2520 praeditum
1251 2434 1294 2501 ad

113 2540 263 2611 Stoicam
293 2542 476 2611 doctrinam
506 2547 658 2628 spectare
688 2544 722 2609 in
751 2544 924 2628 propatulo
955 2546 1024 2624 est,
1065 2561 1171 2626 neque
1201 2542 1294 2610 casui

112 2647 335 2733 tribuendum,
358 2652 444 2733 quod
459 2655 541 2718 eolre
561 2652 624 2719 hac
647 2650 888 2736 significatione
910 2670 976 2718 666
999 2649 1063 2718 6161
1086 2649 1174 2734 apud
1193 2649 1293 2717 Sene·
1394 2732 1396 2736 ι

113 2774 186 2824 cam
202 2757 351 2825 Stoicum
365 2758 591 2843 philosophum
614 2761 649 2827 et
664 2758 861 2842 Ciceronem,
885 2758 940 2841 qui
956 2758 1104 2841 quumvis
1126 2777 1192 2824 666
1208 2756 1293 2824 Stoi·

113 2883 227 2933 corum
258 2866 454 2949 pedisequus
489 2867 549 2934 sed
582 2868 693 2934 tamen
726 2884 838 2932 eorum
872 2864 1028 2933 doctrinis
1058 2865 1202 2933 imbutus
1232 2866 1294 2945 est,

111 2970 295 3042 invenitur.
333 2972 516 3041 Stoicorum
536 2973 621 3041 enim
638 2973 816 3040 secundum
831 2971 1013 3056 opinionem
1028 2971 1100 3041 vita
1115 2971 1258 3040 servitus
1266 2968 1293 3054 1)

114 3083 178 3163 est,
203 3100 302 3163 quam
324 3083 361 3147 ut
384 3081 544 3167 effugiant
566 3084 649 3148 eolre
671 3082 806 3162 docent,
832 3079 909 3147 hinc
930 3080 1011 3147 illud
1034 3082 1118 3145 66166
1139 3080 1183 3144 ad
1205 3079 1294 3144 llber-

115 3194 228 3272 telem,
261 3187 347 3270 quod
377 3208 443 3256 non
472 3208 547 3256 raro
579 3208 651 3256 cum
681 3189 811 3256 ratione
840 3190 1051 3255 voluntariam
1080 3195 1209 3253 mortem
1238 3187 1295 3251 siti

116 3300 298 3363 emarcescere
321 3296 471 3363 concinit.

207 3421 326 3503 Itaque
363 3420 465 3488 Stoici
503 3420 647 3505 corporis
685 3419 825 3489 vinculis
863 3420 1018 3503 vitaeque
1056 3417 1220 3486 aerumnis
1258 3437 1294 3485 66

116 3525 261 3595 liberare
295 3526 430 3611 cupiunt
464 3531 497 3595 et
532 3530 669 3595 mortem
702 3527 845 3594 dolorem
880 3528 1020 3595 omnium
1058 3526 1295 3595 exsolutionem

117 3632 276 3702 laudant:
310 3635 359 3702 616
389 3634 475 3702 enim
505 3635 664 3704 Senecam
695 3634 839 3703 Stoicum
873 3635 1112 3703 exclamantem
1147 3633 1295 3701 audimus

211 3917 240 3989 1)
259 3918 388 3975 conteras
408 3918 475 3976 Seu.
498 3919 533 3975 ad
551 3916 640 3975 lllarc.
659 3916 723 3975 XlX
741 3921 773 3975 6:
800 3916 930 3975 excessit
947 3916 1037 3989 filius
1055 3919 1125 3975 tuus
1143 3915 1295 3986 terminos,

121 4002 204 4063 lutra
222 4020 298 4078 onos
315 4008 466 4077 servitum·
489 4008 558 4065 item
580 4021 625 4077 ep.
644 4010 687 4064 77.
707 4010 756 4063 15:
779 4020 849 4065 nam
868 4005 945 4076 vite,
969 4005 1000 4062 sl
1014 4004 1163 4063 moriendi
1178 4005 1295 4076 (eodem

121 4092 181 4150 iure
200 4096 324 4154 scribere
341 4098 432 4167 potuit
450 4095 590 4166 exeundi)
609 4096 705 4154 virtus
722 4096 817 4168 abest,
835 4095 966 4153 servitus
984 4098 1030 4151 est
1034 4106 1048 4162 ;
1070 4093 1175 4150 lbldem
1192 4092 1245 4150 XX
1263 4096 1296 4150 3:

122 4194 181 4239 non
206 4189 253 4243 est
275 4187 430 4245 molestam
454 4185 582 4256 servire,
606 4184 659 4244 ali
680 4185 711 4242 sl
724 4184 847 4243 ¹domini
865 4187 1037 4255 pertaesum
1056 4185 1116 4254 est,
1141 4181 1212 4239 licet
1236 4194 1296 4239 uno

122 4273 223 4339 66666
242 4274 285 4332 ad
301 4275 469 4333 libertatem
488 4272 640 4343 transire·
657 4302 693 4313 -
711 4274 767 4329 hoc
787 4274 851 4330 loeo
864 4272 977 4331 Seneca
988 4273 1088 4329 lterum
1107 4284 1159 4339 pro
1176 4270 1295 4327 transire

124 4359 207 4419 extre
225 4364 348 4421 scribere
367 4363 458 4433 potult
474 4388 518 4417 -.
