3142 5059
729 515 947 582 ..23-

252 705 451 790 Saepissime
482 708 591 775 autem
614 708 740 775 Parcae
771 711 923 776 auctores
950 707 1063 774 mortis
1091 707 1316 774 nominantur:
1346 707 1425 791 legi-

251 832 323 881 mus
347 833 447 881 emm:

295 939 334 1006 Β.
358 936 461 1005 1156:
498 940 625 1007 Parcae
663 940 827 1008 crudeles!
866 940 998 1006 nimium
1035 939 1239 1024 properastis
1276 957 1425 1021 rumpere

412 1044 485 1113 iata
508 1066 597 1129 mea;

296 1152 333 1219 Β.
358 1150 461 1218 1114:
484 1172 557 1220 cum
579 1173 652 1221 mea
674 1154 844 1221 Lethaeae
867 1157 1027 1237 ruperunt
1049 1154 1107 1220 fila
1129 1172 1267 1220 sorores.

295 1260 334 1325 B.
358 1256 439 1325 456:
463 1259 492 1326 si
513 1259 613 1344 longa
635 1262 740 1345 magis
765 1261 937 1328 duxissent
959 1261 1016 1328 fila
1038 1279 1177 1341 sorores,
1205 1259 1340 1343 aequius
1362 1259 1426 1326 isle

411 1366 496 1449 lapis
521 1368 752 1450 complecteret
776 1387 853 1435 ossa
875 1370 1032 1451 paterna3

251 1492 335 1555 quae
359 1475 489 1539 centum
513 1473 586 1540 aliis
611 1474 767 1558 exemplis
792 1474 983 1541 confirmare
1006 1494 1148 1558 possum.

339 1578 466 1647 Deinde
494 1580 592 1646 etiam
620 1580 705 1647 ratio
728 1582 882 1649 habenda
905 1586 958 1649 cet
985 1582 1076 1650 vocis
1106 1604 1208 1667 sopor,
1240 1599 1323 1664 quae
1350 1581 1425 1647 sub-

251 1686 407 1756 stantivis
424 1686 539 1755 ominis
555 1707 658 1755 causa
673 1688 829 1756 adhibitis
846 1689 997 1757 addenda
1012 1689 1091 1755 mihi
1107 1690 1181 1758 visa
1200 1693 1261 1756 est.
1294 1688 1426 1755 Etenim

199 1856 202 1863 ,
250 1797 386 1861 mortem
418 1813 490 1862 cum
514 1817 623 1881 soporo
645 1796 698 1864 vel
720 1819 825 1863 somno
853 1796 1067 1866 collocavisse
1090 1800 1221 1865 veteres
1245 1796 1328 1863 satis
1352 1814 1426 1861 oon-

251 1904 337 1984 stat3
360 1920 435 1967 nam
450 1901 651 1969 Graecorum
666 1902 787 1970 litteris
807 1904 1008 1987 picturisque
1031 1905 1117 1971 hanc
1140 1902 1338 1969 sententiam
1361 1920 1426 1967 non

250 2027 326 2075 raro
357 2009 571 2092 pulcherrime
602 2009 801 2077 illustratam
831 2009 1025 2079 invenimus,
1073 2010 1168 2078 Subit
1197 2030 1249 2076 me
1278 2009 1427 2092 picturae

249 2115 337 2183 illius
360 2116 644 2199 praeclarissimae
667 2117 862 2202 recordatio,
889 2138 955 2200 qua
978 2117 1100 2185 fratres
1125 2120 1215 2183 More
1238 2120 1273 2183 et
1295 2118 1428 2181 Somnos

250 2224 412 2290 mortuum
435 2224 583 2307 sepulcro
609 2224 770 2291 condituri
795 2228 981 2292 cernuntur.
1027 2226 1101 2291 Hac
1130 2224 1165 2290 in
1190 2244 1227 2291 re
1253 2222 1426 2305 unicuique

251 2329 416 2397 excitatur
438 2330 593 2397 memoria
614 2330 767 2415 Lessingi
791 2350 918 2414 quoque
941 2330 1182 2414 disputationis
1206 2349 1290 2413 quac
1312 2328 1426 2396 inscri-

250 2437 353 2504 bitur:
377 2436 452 2505 Wie
475 2436 527 2504 die
542 2438 643 2505 Alton
667 2438 730 2505 den
745 2438 816 2505 Tod
838 2438 1001 2523 gebildet3
1025 2458 1090 2520 qua
1104 2437 1138 2503 in
1154 2435 1427 2505 commentatione

251 2543 349 2611 aliam
372 2564 526 2629 graecam
549 2540 663 2611 similis
679 2545 811 2629 generis
826 2544 987 2629 picturam
1002 2545 1196 2630 Lessingius
1213 2544 1427 2630 sagacissime

250 2652 489 2735 interpretatus
513 2653 573 2720 est.
610 2652 723 2734 Neque
747 2653 845 2719 ahter
859 2655 1023 2720 Romanos
1048 2653 1215 2721 censuisse
1239 2653 1427 2720 docethr-

251 2756 349 2842 gihus
371 2758 453 2826 Aen.
469 2759 525 2826 VI.
547 2756 613 2825 278
638 2758 784 2827 scribens
809 2760 873 2828 sic:

561 2891 627 2950 tum
650 2889 889 2971 remonphares
911 2886 981 2952 Leti
1004 2887 1116 2973 Sopor.

339 3008 427 3077 Hinc
453 3030 547 3096 sopor
569 3028 627 3093 pro
651 3032 734 3076 mors
757 3010 885 3078 dicitur.
931 3012 1040 3094 Atque
1069 3011 1135 3076 iam
1158 3010 1310 3076 Plautum
1340 3009 1427 3074 hanc

250 3135 364 3185 vocem
387 3115 596 3184 adhibentem
619 3117 832 3185 observamus

294 3241 454 3325 Amphitr.
477 3262 508 3310 v.
532 3239 597 3308 303
619 3261 705 3324 sqq.:
728 3245 794 3307 iam
811 3244 936 3328 pridem
959 3244 1081 3308 videtur
1095 3242 1229 3329 factum,
1253 3242 1323 3307 beri
1344 3242 1428 3327 qaod

409 3350 545 3415 homines
586 3356 731 3437 quattuor
772 3352 807 3415 in
844 3372 987 3437 soporem
1025 3351 1194 3417 collocastis
1230 3350 1346 3429 nudo&
1391 3349 1427 3413 ct

411 3455 487 3522 ibid.
511 3452 586 3523 306.

339 3583 386 3649 At
408 3581 520 3665 sapius
542 3604 636 3669 sopor
659 3581 802 3649 occurrit
825 3580 937 3648 addito
961 3580 1069 3663 aliquo
1094 3580 1266 3661 adiectivo,
1289 3580 1381 3648 velut

252 3798 259 3813 .
326 3797 333 3812 ι
358 3796 364 3811 .
605 3714 781 3794 perpetuus,
809 3713 958 3790 admon,
982 3708 1073 3771 altus.

249 3815 423 3882 rnsprcras:

293 3905 390 3972 Lucr.
405 3904 465 3971 ΙΠ.
482 3901 564 3970 920:
587 3922 662 3971 nam
685 3902 764 3969 licet
784 3904 955 3968 aeternum
973 3921 1033 3985 per
1048 3921 1108 3968 nos
1124 3899 1172 3969 sic
1188 3920 1262 3969 esse
1278 3920 1427 3985 soporem

410 4030 471 4078 nec
495 4010 691 4079 desiderium
714 4008 821 4075 nostri
843 4028 903 4075 nos
928 4007 1039 4075 adficit
1062 4008 1171 4075 ullum.

294 4121 373 4186 Hor.
389 4119 414 4185 Ι.
435 4138 533 4186 carm.
550 4116 602 4185 24.
619 4116 656 4183 5:
681 4134 759 4201 ergo
775 4115 968 4200 Quintilium
987 4116 1164 4198 perpetuus
1188 4134 1285 4199 sopor
1307 4115 1427 4199 urget?

294 4228 331 4293 Β.
356 4224 459 4292 1666:
484 4220 608 4311 ...ra]
632 4243 703 4291 ram
719 4242 817 4306 sopor
840 4220 942 4310 [altus
966 4223 1068 4289 habet
1088 4274 1095 4289 .
1112 4274 1119 4288 .
1137 4248 1157 4305 .;
1183 4222 1233 4288 ita
1254 4222 1427 4290 verissime

409 4331 557 4399 restituit
579 4329 812 4397 Buechelerue.
