3142 5059
598 494 824 562 ..43-

212 688 247 776 a)
270 691 356 759 unde
378 690 525 760 homines
549 693 672 760 abeunt
694 692 788 762 velut

167 800 253 865 obire
275 820 290 864 c
310 802 396 865 aito:
417 796 482 867 cic.
505 800 601 867 Tusa.
623 801 649 867 I.
673 798 733 866 30:
759 800 836 866 Octo
858 810 960 867 cutm
981 804 1023 867 sic
1045 801 1110 867 obn
1132 823 1148 866 c
1170 804 1245 866 cna.

167 904 239 973 sive
268 908 331 971 cito
357 907 462 989 abiem
492 907 650 991 inspicias
680 907 794 975 Senec.
824 907 865 975 de
895 907 1012 976 brevit.
1042 907 1134 976 vitae
1165 907 1229 974 VH
1259 905 1299 974 4:

276 1016 385 1100 plnres
421 1022 523 1081 tamen
561 1038 597 1091 coc
632 1016 680 1081 bes
716 1018 855 1081 nondum
890 1037 921 1082 sc
956 1018 1033 1081 scire
1069 1014 1200 1102 confessi
1233 1017 1295 1079 cito

282 1120 434 1187 obinunt.

210 1242 247 1331 b)
271 1264 333 1328 quo
357 1245 503 1315 homines
527 1249 666 1330 abennt;
689 1246 837 1330 exemplo
861 1246 945 1315 sint:

166 1353 254 1418 obire
275 1356 310 1419 in
332 1375 521 1420 communem
545 1356 663 1421 lencm:
684 1354 792 1421 Plaut.
815 1354 889 1422 Ges.
912 1354 993 1438 prol.
1019 1352 1071 1421 17.

167 1460 253 1525 obire
276 1461 320 1525 nol
341 1461 565 1527 Acheruntem:
585 1462 693 1531 Plaut.
716 1462 816 1529 Poen.
838 1461 919 1545 prol.
941 1481 973 1531 v.
996 1460 1049 1529 71.

167 1567 254 1632 obire
275 1568 329 1634 aab
352 1568 500 1635 umbros:
520 1569 558 1635 B.
583 1566 678 1637 1214.

167 1674 253 1740 altre
275 1674 319 1740 cd
336 1676 462 1761 plores:
483 1675 615 1743 Patron.
639 1695 665 1743 c.
681 1673 741 1759 423
764 1674 821 1742 nbi
843 1674 997 1760 legimus:

171 1788 198 1847 ct
219 1782 295 1868 qnid
307 1784 335 1846 ei
356 1804 419 1848 non
434 1784 577 1850 obdiaca
590 1783 728 1871 fanan?
750 1786 880 1871 quinque
894 1785 960 1849 otico
982 1805 1096 1869 aquom
1110 1786 1144 1849 in
1160 1805 1192 1849 os
1205 1803 1297 1847 mum

281 1910 344 1955 non
365 1893 505 1975 coniecit,
530 1913 593 1956 non
614 1894 726 1957 micam
737 1894 845 1978 pann,
871 1898 973 1956 tomen
988 1890 1065 1956 obiit
1086 1890 1130 1955 od
1147 1885 1295 1976 plurmi)

211 1996 280 2063 Iam
304 2014 383 2065 vero
406 1997 494 2064 chire
515 1997 616 2066 etiam
632 1999 782 2067 absolute
806 1997 954 2064 adhiberi
969 1996 1210 2063 demonstrabo.
1247 1995 1298 2062 Ac

120 2100 245 2185 primm
275 2101 405 2185 quidem
434 2103 522 2172 inter
549 2104 671 2172 latinos
701 2105 879 2188 scriptores
907 2104 993 2169 hanc
1014 2121 1128 2171 vocem
1150 2101 1296 2169 Lucilius

207 2296 239 2366 ,1)
259 2296 310 2354 llic
328 2296 412 2367 paulo
431 2297 557 2355 aberrare
576 2299 644 2355 mibi
662 2297 761 2365 liceat;
779 2313 846 2356 narn
864 2297 988 2355 insolens
1004 2296 1176 2355 vocabulum
1192 2296 1295 2366 plures

120 2387 202 2442 vetat
227 2398 275 2443 me
302 2386 372 2443 ultra
399 2386 538 2457 progredi.
582 2388 625 2445 Ac
653 2390 772 2459 primum
800 2387 913 2459 quidem
941 2388 1055 2458 expedit
1081 2386 1215 2443 adnotare
1240 2386 1295 2441 iarn

121 2473 250 2532 Graecos
274 2476 345 2533 hanc
365 2490 470 2533 vocem
496 2476 600 2534 eodem
623 2492 711 2536 sensu
729 2477 898 2535 adhibuisse.
935 2478 978 2535 Ad
1000 2477 1056 2534 hoc
1075 2474 1206 2545 exempla
1225 2487 1295 2532 con-

120 2566 213 2632 gessit
232 2564 335 2623 ssiruus
353 2566 380 2622 in
399 2568 651 2635 commentatione,
676 2581 748 2637 quae
767 2568 842 2625 edita
860 2569 907 2624 est
923 2567 951 2623 in
968 2567 1074 2625 Archiv
1091 2564 1134 2622 iir
1152 2562 1251 2621 Lexik.
1269 2576 1295 2620 u.

121 2652 217 2711 (iram.
236 2656 298 2711 tom
315 2652 353 2711 Χ]
371 2654 424 2711 sub
443 2670 519 2713 voce
538 2655 691 2722 Arvallied3
714 2670 834 2727 quorum
852 2670 937 2714 unum
955 2655 1095 2726 proteram
1113 2654 1198 2711 Arist.
1216 2651 1296 2710 Eccl.

123 2744 207 2800 1073:
229 2740 327 2820 γραῦς
342 2735 542 2824 ἀνεστηκυῖα
557 2737 920 2823 acquiesceremus.
953 2744 1038 2809 Redit
1056 2745 1127 2801 haee
1145 2757 1204 2800 vox
1222 2741 1296 2811 apud

121 2831 230 2889 Plaut.
249 2831 335 2891 Trin.
353 2848 382 2890 v.
401 2836 477 2890 292:
496 2833 569 2904 cuia
587 2848 644 2904 ego
663 2833 705 2891 ad
722 2833 778 2891 boc
794 2847 892 2903 genus
910 2832 1028 2891 durani.
1060 2832 1132 2903 cuin
1148 2831 1235 2902 prius
1250 2844 1296 2887 mc

121 2920 165 2978 ad
179 2921 284 2990 plures
299 2921 481 2991 penetravi?
504 2936 573 2979 nam
591 2920 626 2980 lei
641 2923 772 2980 maiores
790 2921 927 2979 laudant.
958 2921 1036 2980 Nunc
1055 2920 1177 2979 lortasse
1196 2919 1296 2976 dixerit

122 3010 274 3081 quispiam,
300 3012 433 3081 quoniam
454 3012 559 3082 plures
580 3025 702 3080 graecae
725 3012 792 3069 voci
817 3002 956 3079 πλέονες
974 3009 1140 3081 respondet,
1166 3008 1295 3066 Plautum

121 3102 179 3157 hoc
196 3100 369 3159 vocabulum
388 3116 423 3158 ex
436 3099 609 3158 Philemonis
628 3101 761 3172 exemplo
779 3102 808 3158 in
826 3112 909 3157 usum
927 3114 1009 3159 suum
1028 3101 1221 3165 convertisse;
1239 3112 1296 3156 non

121 3192 270 3260 impugn03
290 3192 414 3248 atamen
432 3191 488 3247 hoc
506 3190 732 3249 obliviscendum
749 3205 808 3248 non
826 3192 917 3249 est-
932 3192 1015 3261 atque
1031 3189 1295 3248 bacinressirtlum

122 3293 228 3349 sequor
248 3311 278 3319 -
299 3279 429 3337 Plautum
448 3281 519 3337 banc
537 3294 643 3338 vocem
662 3282 731 3337 satis
749 3281 911 3338 inusitatam
928 3294 985 3338 non
1002 3282 1190 3339 mutuaturum
1207 3277 1296 3336 luisse

120 3368 175 3425 nisi
186 3368 334 3433 Romanos
347 3368 472 3427 lectores
486 3384 604 3427 sensum
616 3371 806 3441 percipientes
820 3372 1016 3439 cognovisset.
1042 3368 1125 3439 Quod
1138 3370 1169 3425 ut
1179 3367 1297 3425 fidenter

122 3456 236 3515 credam
261 3458 389 3516 eiusdem
412 3458 480 3515 Btrti
506 3460 671 3517 auctoritate
697 3473 892 3526 commoveor,
916 3460 962 3530 qui
986 3459 1003 3516 l.
1027 3458 1043 3516 l.
1066 3458 1170 3529 plures
1192 3456 1295 3515 eodem

122 3558 211 3603 sensu
229 3548 332 3604 iamin
350 3547 494 3605 Arvalium
512 3548 627 3606 fratrum
645 3550 770 3607 carmine
789 3562 938 3607 occurrere
956 3550 1064 3619 optime
1082 3547 1295 3605 demonstravit.

122 3634 219 3694 Locus
237 3638 283 3695 est
300 3637 363 3695 hic:

327 3739 364 3784 ne
382 3725 429 3784 vel
447 3726 535 3785 verve
553 3725 677 3784 lilarmar
695 3728 754 3786 sins
772 3728 911 3785 incurrere
928 3728 956 3784 in
973 3726 1087 3797 pleores

328 3816 404 3875 satir
421 3816 451 3874 in
468 3816 526 3873 iere
546 3815 632 3883 ltlars,
651 3815 737 3874 limen
755 3816 815 3885 sall,
834 3819 879 3873 sta
897 3816 1006 3873 berber.

123 3905 218 3973 Quem
230 3904 320 3963 adhuc
333 3904 446 3963 dubium
459 3904 555 3964 locnm
568 3907 755 3974 sagacissime
764 3908 961 3977 interpretatus
972 3908 1018 3963 est
1027 3905 1132 3963 Birtius
1142 3904 1296 3963 incurrere

123 3993 154 4051 in
170 3994 290 4064 pleores
307 3994 374 4051 nihil
392 3994 465 4052 allud
483 3996 568 4065 atque
586 3994 651 4052 illud
670 3994 829 4053 Plautinum
846 3999 1007 4066 perchara
1024 3995 1067 4053 ad
1081 3995 1186 4067 plures
1208 3996 1295 4064 signi·

122 4083 208 4140 ficare
227 4086 366 4150 statuens,
392 4098 484 4154 neque
511 4085 645 4141 adnotare
668 4086 799 4141 omittam
823 4083 966 4154 quomodo
984 4084 1031 4141 ille
1050 4085 1234 4143 doctissimus
1253 4087 1296 4143 vir

122 4173 177 4229 hac
195 4174 423 4243 interpretatione
440 4174 518 4231 nisus
537 4172 633 4231 locnm
652 4174 919 4243 circumscripserit:

337 4276 373 4320 ne
391 4275 450 4331 ver,
470 4278 488 4320 o
507 4261 595 4331 Mars,
614 4264 690 4321 sinas
708 4264 848 4321 incurrere
866 4263 893 4320 ln
911 4263 1014 4334 plures.

337 4350 421 4410 Satur
438 4365 479 4420 es,
498 4351 558 4410 iere
576 4349 662 4411 ldars.
697 4352 787 4424 Aqua,
806 4351 866 4421 sali,
885 4354 1012 4412 consiste
1029 4366 1088 4412 ver.
