3142 5059
611 492 833 562 ..15-

181 691 291 761 Pleut.
325 692 419 776 Gept.
450 689 515 759 537
525 717 533 760 ε
566 691 692 759 utinum
725 694 761 760 te
796 691 829 759 di
862 690 953 775 prins
987 690 1180 775 perderent,
1214 710 1311 774 quem

297 798 426 883 periisti
448 818 467 865 e
488 798 600 883 petris
622 802 690 867 tue.

180 907 290 974 Pleni.
320 908 420 973 Pcen.
450 903 515 973 987
526 932 533 973 :
563 906 610 973 nil
640 906 772 991 edepol:
806 926 884 974 nam
915 906 971 990 qui
1000 906 1086 975 scire
1115 906 1223 991 potui,
1258 905 1310 973 dic

296 1012 384 1094 mihi,
407 1012 463 1096 qui
483 1012 564 1079 illim
588 1013 741 1081 sexennis
767 1012 921 1098 perieuim
942 1006 1175 1099 Cherthugine.

137 1118 192 1186 Ex
213 1119 347 1204 proprie
368 1119 609 1205 significatione
632 1120 787 1204 deinceps
810 1123 911 1188 natae
933 1123 1012 1187 suni
1033 1121 1114 1188 hee:

228 1242 263 1331 a)
281 1248 365 1333 pedi
378 1268 423 1308 .-.
438 1240 621 1310 dublinia
636 1245 794 1333 (formula
808 1245 940 1313 iurandi
955 1245 1244 1333 desperandique):

183 1350 353 1422 conferes:
390 1353 498 1421 Plaut.
531 1354 631 1422 Most.
665 1352 748 1421 211:
788 1352 871 1437 perii
901 1353 1028 1435 hercle,
1062 1353 1097 1421 ui
1126 1373 1188 1439 egc
1221 1354 1312 1421 illem

297 1460 459 1543 pessumis
483 1460 641 1545 exemplis
664 1460 825 1529 emicasse.
870 1461 978 1528 Pleni
1000 1460 1102 1529 Merc.
1124 1458 1206 1529 705:
1229 1461 1314 1545 perii

297 1568 425 1636 hercle:
448 1587 523 1635 rure
545 1568 612 1636 iem
634 1568 733 1635 rediit
754 1588 838 1635 uxor
859 1587 943 1637 mee.

135 1709 137 1715 ·
226 1690 264 1778 b)
281 1696 389 1779 perire
411 1692 532 1760 dicitur
554 1692 595 1759 de
619 1692 815 1775 amantibus,
837 1691 872 1759 id
894 1696 947 1761 esi
969 1711 1080 1761 emere
1103 1694 1234 1763 confici:

183 1799 293 1868 Pleut.
314 1800 416 1866 Merc.
438 1796 521 1866 265:
543 1800 735 1866 unum·l10c'
750 1798 881 1880 quidem
902 1799 967 1868 iem
990 1800 1068 1883 scic,
1091 1820 1142 1868 me
1164 1802 1312 1885 periisse.

299 1906 409 1974 Pleni.
445 1907 546 1975 Merc
584 1903 666 1973 443:
705 1905 899 1976 adulescens
937 1905 1083 1976 efflictim
1117 1908 1204 1992 perit
1241 1910 1312 1979 eius

299 2032 418 2083 amore.

228 2137 262 2225 c)
279 2142 386 2227 perire
408 2138 569 2223 dicuutur,
593 2138 649 2222 qui
670 2136 824 2206 fortunas
847 2139 1053 2207 antelatum
1076 2140 1245 2208 emittunt:

183 2246 291 2315 Pluud
320 2246 406 2314 Rud.
441 2243 523 2313 978:
556 2265 632 2313 unm
667 2246 696 2315 si
728 2245 816 2313 istuc
848 2244 901 2313 ius
931 2245 993 2329 sit,
1027 2246 1113 2328 quod
1142 2267 1313 2331 memores,

298 2353 482 2437 piscelcres
504 2352 672 2439 perierint.
1013 2396 1016 2401 ·

183 2461 292 2530 Pleni.
315 2462 411 2530 'llum
434 2458 517 2529 619:
547 2465 617 2529 tum
646 2460 701 2545 pel
731 2479 793 2546 ego
825 2462 860 2527 el
889 2459 984 2527 denis
1011 2460 1161 2544 privatus
1184 2482 1255 2531 sum
1278 2468 1313 2531 et
1353 2512 1356 2518 -

300 2588 393 2654 pem.

182 2676 290 2745 Pleni
309 2677 409 2745 Most
429 2673 512 2744 322:
534 2675 634 2761 periit
648 2675 770 2743 'Preme
794 2672 844 2761 (id
867 2677 935 2743 est:
958 2674 1110 2744 fiduciam
1132 2679 1166 2744 et
1189 2680 1313 2746 statum

299 2780 448 2868 emittit)

229 2905 265 2993 d)
283 2910 389 2994 perire
412 2905 532 2975 dicitur
554 2907 595 2975 de
616 2909 721 2975 morte
744 2907 876 2975 meruli:

134 3040 135 3043 ¹
184 3012 291 3082 Pleni
307 3013 427 3083 Bacch.
442 3011 525 3082 485:
548 3033 625 3081 nam
644 3034 704 3099 ego
727 3013 819 3082 illum
840 3013 968 3099 perisse
989 3014 1072 3097 dice,
1095 3015 1171 3097 quoi
1185 3016 1313 3100 quidem

300 3121 517 3206 periitpudcr.
537 3121 644 3189 Pleni.
652 3118 881 3190 Bccch.1040:
892 3123 1002 3190 utrem
1009 3120 1070 3207 (sc.
1077 3121 1314 3205 condicionem)

300 3229 338 3295 tu
361 3227 504 3314 accipies
527 3228 619 3297 vide:
642 3229 697 3297 vel
719 3230 758 3296 ut
773 3248 889 3298 eurum
910 3229 1031 3313 perdas
1053 3230 1164 3298 velut
1187 3233 1315 3297 amator

300 3337 426 3420 pereeu
462 3336 570 3403 Pleut.
585 3336 701 3420 Amph.
717 3332 801 3403 810:
823 3335 907 3420 perii
921 3335 1029 3418 miser,
1045 3336 1123 3418 quis
1136 3336 1314 3420 pudicitiae

300 3441 397 3519 huius
418 3442 535 3511 vidium
557 3461 609 3534 me
631 3443 805 3511 absentent
827 3442 983 3511 additum

230 3563 264 3653 e)
288 3566 427 3650 denique
446 3570 552 3655 pedro
573 3567 608 3634 in
630 3568 797 3636 notionem
819 3571 902 3635 mori
923 3566 1011 3635 abit:

184 3673 292 3743 Pleut„
320 3674 406 3742 Bud
436 3671 518 3742 451:
554 3687 635 3757 quos
665 3673 805 3758 periisse
840 3674 953 3743 umbos
983 3672 1104 3742 misere
1139 3674 1314 3742 censebam

299 3780 334 3847 iu
363 3780 455 3849 meri
507 3779 617 3850 Pleni.
648 3780 741 3864 Oept.
772 3777 877 3847 1005:
907 3782 1025 3864 pereat
1052 3778 1150 3850 ieme.
1205 3781 1313 3849 Pluui

298 3885 384 3955 Eud
413 3883 497 3955 361:
528 3886 615 3971 perit
644 3886 789 3971 petendo
820 3886 945 3972 opinor.
988 3886 1088 3955 Pleut
1114 3886 1208 3957 Ourc.
1230 3884 1314 3955 215:

300 3993 486 4077 vapulando
510 4012 618 4077 pereo.

230 4108 324 4200 Quae
346 4117 496 4201 exempla
517 4116 553 4185 iu
574 4117 766 4223 immensum
782 4116 898 4202 sugeri
919 4119 1059 4201 pessunt
1080 4118 1141 4188 sed
1160 4117 1246 4186 setis
1268 4118 1315 4185 sil

131 4222 302 4291 ednotere
323 4222 400 4290 inde
423 4242 445 4291 s
466 4223 585 4290 Pleutc
616 4224 712 4291 huius
735 4224 827 4293 vocis
853 4224 982 4293 verium
1012 4242 1106 4293 usum
1129 4243 1189 4308 per
1210 4227 1316 4291 seim

140 4325 341 4397 latinitatem
362 4332 580 4414 propagatum
602 4327 753 4398 iuvenili.
