<?xml version="1.0" encoding="UTF-8"?>
<!DOCTYPE html PUBLIC "-//W3C//DTD XHTML 1.0 Transitional//EN"
    "http://www.w3.org/TR/xhtml1/DTD/xhtml1-transitional.dtd">
<html xmlns="http://www.w3.org/1999/xhtml" xml:lang="en" lang="en">
 <head>
  <title>
</title>
<meta http-equiv="Content-Type" content="text/html;charset=utf-8" />
  <meta name='ocr-system' content='tesseract 3.04.00' />
  <meta name='ocr-capabilities' content='ocr_page ocr_carea ocr_par ocr_line ocrx_word'/>
</head>
<body>
  <div class='ocr_page' id='page_1' title='image "./vocabvlorvmlati00winagoog_0078.png"; bbox 0 0 3142 5059; ppageno 0'>
   <div class='ocr_carea' id='block_1_1' title="bbox 718 488 938 557">
    <p class='ocr_par' dir='ltr' id='par_1_1' title="bbox 718 488 938 557">
     <span class='ocr_line' id='line_1_1' title="bbox 718 488 938 557; baseline 0.009 -18"><span class='ocrx_word' id='word_1_1' title='bbox 718 488 938 557; x_wconf 73' lang='lat' dir='ltr'><strong>..gp-</strong></span> 
     </span>
    </p>
   </div>
   <div class='ocr_carea' id='block_1_2' title="bbox 238 683 1415 1182">
    <p class='ocr_par' dir='ltr' id='par_1_2' title="bbox 238 683 1415 879">
     <span class='ocr_line' id='line_1_2' title="bbox 238 683 1413 770; baseline 0.002 -17"><span class='ocrx_word' id='word_1_2' title='bbox 238 683 356 755; x_wconf 85' lang='lat' dir='ltr'><strong>studiis</strong></span> <span class='ocrx_word' id='word_1_3' title='bbox 372 689 409 754; x_wconf 86' lang='lat' dir='ltr'><strong>ut</strong></span> <span class='ocrx_word' id='word_1_4' title='bbox 431 687 480 754; x_wconf 87' lang='lat' dir='ltr'><strong>ita</strong></span> <span class='ocrx_word' id='word_1_5' title='bbox 492 688 687 770; x_wconf 79' lang='lat' dir='ltr'><strong>&#39;loqueretur</strong></span> <span class='ocrx_word' id='word_1_6' title='bbox 707 686 884 756; x_wconf 86' lang='lat' dir='ltr'><strong>adductum</strong></span> <span class='ocrx_word' id='word_1_7' title='bbox 907 706 982 757; x_wconf 84' lang='lat' dir='ltr'><strong>esse</strong></span> <span class='ocrx_word' id='word_1_8' title='bbox 1005 688 1077 756; x_wconf 87' lang='lat' dir='ltr'><strong>sive</strong></span> <span class='ocrx_word' id='word_1_9' title='bbox 1100 704 1173 755; x_wconf 88' lang='lat' dir='ltr'><strong>eum</strong></span> <span class='ocrx_word' id='word_1_10' title='bbox 1192 689 1281 755; x_wconf 85' lang='lat' dir='ltr'><strong>hanc</strong></span> <span class='ocrx_word' id='word_1_11' title='bbox 1300 697 1413 756; x_wconf 86' lang='lat' dir='ltr'><strong>vocem</strong></span> 
     </span>
     <span class='ocr_line' id='line_1_3' title="bbox 239 794 1415 879; baseline 0.002 -19"><span class='ocrx_word' id='word_1_12' title='bbox 239 812 282 861; x_wconf 84' lang='lat' dir='ltr'><strong>ex</strong></span> <span class='ocrx_word' id='word_1_13' title='bbox 311 813 431 879; x_wconf 86' lang='lat' dir='ltr'><strong>graeco</strong></span> <span class='ocrx_word' id='word_1_14' title='bbox 469 794 648 879; x_wconf 83' lang='lat' dir='ltr'><strong>exemplari</strong></span> <span class='ocrx_word' id='word_1_15' title='bbox 678 796 820 863; x_wconf 88' lang='lat' dir='ltr'><strong>vertisse</strong></span> <span class='ocrx_word' id='word_1_16' title='bbox 851 814 976 862; x_wconf 83' lang='lat' dir='ltr'><strong>censes</strong></span> <span class='ocrx_word' id='word_1_17' title='bbox 1029 795 1096 862; x_wconf 86' lang='lat' dir='ltr'><strong>Sed</strong></span> <span class='ocrx_word' id='word_1_18' title='bbox 1133 795 1216 863; x_wconf 85' lang='lat' dir='ltr'><strong>haec</strong></span> <span class='ocrx_word' id='word_1_19' title='bbox 1243 796 1415 862; x_wconf 84' lang='lat' dir='ltr'><strong>hacteuus.</strong></span> 
     </span>
    </p>

    <p class='ocr_par' dir='ltr' id='par_1_3' title="bbox 239 901 1415 1182">
     <span class='ocr_line' id='line_1_4' title="bbox 328 901 1415 989; baseline 0.002 -22"><span class='ocrx_word' id='word_1_20' title='bbox 328 901 420 985; x_wconf 81' lang='lat' dir='ltr'><strong>Quae</strong></span> <span class='ocrx_word' id='word_1_21' title='bbox 436 901 477 968; x_wconf 89' lang='lat' dir='ltr'><strong>de</strong></span> <span class='ocrx_word' id='word_1_22' title='bbox 487 921 569 969; x_wconf 88' lang='lat' dir='ltr'><strong>voce</strong></span> <span class='ocrx_word' id='word_1_23' title='bbox 581 906 721 968; x_wconf 84' lang='lat' dir='ltr'><strong>animam</strong></span> <span class='ocrx_word' id='word_1_24' title='bbox 733 906 907 989; x_wconf 69' lang='lat' dir='ltr'><strong>extinguere</strong></span> <span class='ocrx_word' id='word_1_25' title='bbox 922 902 1058 985; x_wconf 81' lang='lat' dir='ltr'><strong>exposui</strong></span> <span class='ocrx_word' id='word_1_26' title='bbox 1072 902 1194 986; x_wconf 89' lang='lat' dir='ltr'><strong>optime</strong></span> <span class='ocrx_word' id='word_1_27' title='bbox 1209 901 1415 969; x_wconf 81' lang='lat' dir='ltr'><strong>affirmantur</strong></span> 
     </span>
     <span class='ocr_line' id='line_1_5' title="bbox 239 1008 1415 1096; baseline 0.002 -23"><span class='ocrx_word' id='word_1_28' title='bbox 239 1008 310 1092; x_wconf 90' lang='lat' dir='ltr'><strong>ipso</strong></span> <span class='ocrx_word' id='word_1_29' title='bbox 326 1008 427 1076; x_wconf 90' lang='lat' dir='ltr'><strong>verbu</strong></span> <span class='ocrx_word' id='word_1_30' title='bbox 446 1012 602 1096; x_wconf 32' lang='lat' dir='ltr'><strong>‘audagai</strong></span> <span class='ocrx_word' id='word_1_31' title='bbox 624 1028 683 1092; x_wconf 92' lang='lat' dir='ltr'><strong>pro</strong></span> <span class='ocrx_word' id='word_1_32' title='bbox 703 1008 784 1076; x_wconf 89' lang='lat' dir='ltr'><strong>mori</strong></span> <span class='ocrx_word' id='word_1_33' title='bbox 807 1011 983 1093; x_wconf 89' lang='lat' dir='ltr'><strong>usurpato;</strong></span> <span class='ocrx_word' id='word_1_34' title='bbox 1005 1028 1065 1093; x_wconf 92' lang='lat' dir='ltr'><strong>per</strong></span> <span class='ocrx_word' id='word_1_35' title='bbox 1088 1011 1170 1077; x_wconf 89' lang='lat' dir='ltr'><strong>haec</strong></span> <span class='ocrx_word' id='word_1_36' title='bbox 1192 1008 1258 1075; x_wconf 88' lang='lat' dir='ltr'><strong>iam</strong></span> <span class='ocrx_word' id='word_1_37' title='bbox 1281 1009 1324 1075; x_wconf 88' lang='lat' dir='ltr'><strong>ad</strong></span> <span class='ocrx_word' id='word_1_38' title='bbox 1345 1029 1415 1075; x_wconf 90' lang='lat' dir='ltr'><strong>rem</strong></span> 
     </span>
     <span class='ocr_line' id='line_1_6' title="bbox 239 1112 454 1182; baseline 0.009 -2"><span class='ocrx_word' id='word_1_39' title='bbox 239 1112 454 1182; x_wconf 88' lang='lat' dir='ltr'><strong>redducimur.</strong></span> 
     </span>
    </p>
   </div>
   <div class='ocr_carea' id='block_1_3' title="bbox 239 1256 1416 1983">
    <p class='ocr_par' dir='ltr' id='par_1_4' title="bbox 239 1256 1416 1983">
     <span class='ocr_line' id='line_1_7' title="bbox 326 1256 1412 1340; baseline 0.001 -17"><span class='ocrx_word' id='word_1_40' title='bbox 326 1256 373 1323; x_wconf 80' lang='lat' dir='ltr'><strong>Et</strong></span> <span class='ocrx_word' id='word_1_41' title='bbox 394 1257 517 1340; x_wconf 89' lang='lat' dir='ltr'><strong>primus</strong></span> <span class='ocrx_word' id='word_1_42' title='bbox 541 1257 670 1340; x_wconf 88' lang='lat' dir='ltr'><strong>quidem</strong></span> <span class='ocrx_word' id='word_1_43' title='bbox 696 1260 759 1326; x_wconf 88' lang='lat' dir='ltr'><strong>hac</strong></span> <span class='ocrx_word' id='word_1_44' title='bbox 790 1277 872 1328; x_wconf 84' lang='lat' dir='ltr'><strong>voce</strong></span> <span class='ocrx_word' id='word_1_45' title='bbox 901 1277 981 1328; x_wconf 85' lang='lat' dir='ltr'><strong>usus</strong></span> <span class='ocrx_word' id='word_1_46' title='bbox 1012 1263 1066 1327; x_wconf 85' lang='lat' dir='ltr'><strong>est</strong></span> <span class='ocrx_word' id='word_1_47' title='bbox 1095 1259 1234 1326; x_wconf 87' lang='lat' dir='ltr'><strong>Plautus</strong></span> <span class='ocrx_word' id='word_1_48' title='bbox 1264 1258 1412 1325; x_wconf 85' lang='lat' dir='ltr'><strong>scribens</strong></span> 
     </span>
     <span class='ocr_line' id='line_1_8' title="bbox 239 1362 1415 1432; baseline 0.001 -3"><span class='ocrx_word' id='word_1_49' title='bbox 239 1362 357 1431; x_wconf 80' lang='lat' dir='ltr'><strong>Pseud.</strong></span> <span class='ocrx_word' id='word_1_50' title='bbox 380 1383 411 1431; x_wconf 86' lang='lat' dir='ltr'><strong>v.</strong></span> <span class='ocrx_word' id='word_1_51' title='bbox 435 1362 518 1430; x_wconf 80' lang='lat'>906:</span> <span class='ocrx_word' id='word_1_52' title='bbox 549 1372 613 1430; x_wconf 84' lang='lat' dir='ltr'><strong>ium</strong></span> <span class='ocrx_word' id='word_1_53' title='bbox 644 1388 691 1430; x_wconf 87' lang='lat' dir='ltr'><strong>mc</strong></span> <span class='ocrx_word' id='word_1_54' title='bbox 722 1373 749 1430; x_wconf 80' lang='lat' dir='ltr'><strong>et</strong></span> <span class='ocrx_word' id='word_1_55' title='bbox 774 1366 959 1432; x_wconf 75' lang='lat' dir='ltr'><strong><em>Calidorum</em></strong></span> <span class='ocrx_word' id='word_1_56' title='bbox 988 1373 1142 1431; x_wconf 69' lang='lat' dir='ltr'><strong>emotum</strong></span> <span class='ocrx_word' id='word_1_57' title='bbox 1172 1368 1277 1431; x_wconf 78' lang='lat' dir='ltr'><strong>uolani</strong></span> <span class='ocrx_word' id='word_1_58' title='bbox 1300 1388 1359 1431; x_wconf 76' lang='lat' dir='ltr'><strong>assa</strong></span> <span class='ocrx_word' id='word_1_59' title='bbox 1387 1373 1415 1430; x_wconf 83' lang='lat' dir='ltr'><strong>ci</strong></span> 
     </span>
     <span class='ocr_line' id='line_1_9' title="bbox 240 1470 1412 1556; baseline 0.003 -21"><span class='ocrx_word' id='word_1_60' title='bbox 240 1473 378 1535; x_wconf 67' lang='lat' dir='ltr'><strong>imorem</strong></span> <span class='ocrx_word' id='word_1_61' title='bbox 400 1474 571 1537; x_wconf 71' lang='lat' dir='ltr'><strong>attacum.</strong></span> <span class='ocrx_word' id='word_1_62' title='bbox 617 1471 770 1538; x_wconf 87' lang='lat' dir='ltr'><strong>Plautum</strong></span> <span class='ocrx_word' id='word_1_63' title='bbox 802 1490 880 1539; x_wconf 89' lang='lat' dir='ltr'><strong>vero</strong></span> <span class='ocrx_word' id='word_1_64' title='bbox 913 1472 953 1539; x_wconf 89' lang='lat' dir='ltr'><strong>de</strong></span> <span class='ocrx_word' id='word_1_65' title='bbox 983 1472 1061 1556; x_wconf 91' lang='lat' dir='ltr'><strong>igne</strong></span> <span class='ocrx_word' id='word_1_66' title='bbox 1084 1471 1229 1554; x_wconf 88' lang='lat' dir='ltr'><strong>animae,</strong></span> <span class='ocrx_word' id='word_1_67' title='bbox 1260 1492 1332 1539; x_wconf 91' lang='lat' dir='ltr'><strong>cum</strong></span> <span class='ocrx_word' id='word_1_68' title='bbox 1362 1470 1412 1538; x_wconf 87' lang='lat' dir='ltr'><strong>ita</strong></span> 
     </span>
     <span class='ocr_line' id='line_1_10' title="bbox 239 1576 1416 1664; baseline 0.001 -21"><span class='ocrx_word' id='word_1_69' title='bbox 239 1578 444 1658; x_wconf 83' lang='lat' dir='ltr'><strong>loqueretur,</strong></span> <span class='ocrx_word' id='word_1_70' title='bbox 478 1576 678 1661; x_wconf 68' lang='lat' dir='ltr'><strong>cogitavisse</strong></span> <span class='ocrx_word' id='word_1_71' title='bbox 708 1579 839 1649; x_wconf 77' lang='lat' dir='ltr'><strong>statues</strong></span> <span class='ocrx_word' id='word_1_72' title='bbox 870 1598 936 1645; x_wconf 92' lang='lat' dir='ltr'><strong>non</strong></span> <span class='ocrx_word' id='word_1_73' title='bbox 967 1581 1112 1664; x_wconf 80' lang='lat' dir='ltr'>oportet,</span> <span class='ocrx_word' id='word_1_74' title='bbox 1147 1578 1300 1661; x_wconf 86' lang='lat' dir='ltr'><strong>quoniam</strong></span> <span class='ocrx_word' id='word_1_75' title='bbox 1329 1579 1416 1645; x_wconf 90' lang='lat' dir='ltr'><strong>hanc</strong></span> 
     </span>
     <span class='ocr_line' id='line_1_11' title="bbox 240 1684 1415 1769; baseline 0.001 -18"><span class='ocrx_word' id='word_1_76' title='bbox 240 1702 353 1751; x_wconf 89' lang='lat' dir='ltr'><strong>vocem</strong></span> <span class='ocrx_word' id='word_1_77' title='bbox 377 1703 419 1751; x_wconf 84' lang='lat' dir='ltr'><strong>ex</strong></span> <span class='ocrx_word' id='word_1_78' title='bbox 433 1704 553 1769; x_wconf 85' lang='lat' dir='ltr'><strong>gracco</strong></span> <span class='ocrx_word' id='word_1_79' title='bbox 576 1685 755 1768; x_wconf 86' lang='lat' dir='ltr'><strong>exemplari</strong></span> <span class='ocrx_word' id='word_1_80' title='bbox 771 1704 844 1753; x_wconf 90' lang='lat' dir='ltr'><strong>eum</strong></span> <span class='ocrx_word' id='word_1_81' title='bbox 859 1685 1002 1754; x_wconf 89' lang='lat' dir='ltr'><strong>vertisse</strong></span> <span class='ocrx_word' id='word_1_82' title='bbox 1017 1687 1136 1753; x_wconf 87' lang='lat' dir='ltr'><strong>iterum</strong></span> <span class='ocrx_word' id='word_1_83' title='bbox 1152 1684 1314 1768; x_wconf 88' lang='lat' dir='ltr'><strong>suspicari</strong></span> <span class='ocrx_word' id='word_1_84' title='bbox 1327 1684 1415 1752; x_wconf 88' lang='lat' dir='ltr'><strong>licet.</strong></span> 
     </span>
     <span class='ocr_line' id='line_1_12' title="bbox 240 1789 1416 1876; baseline 0.001 -19"><span class='ocrx_word' id='word_1_85' title='bbox 240 1790 386 1858; x_wconf 82' lang='lat' dir='ltr'><strong>Graecos</strong></span> <span class='ocrx_word' id='word_1_86' title='bbox 432 1789 518 1857; x_wconf 88' lang='lat' dir='ltr'><strong>enim</strong></span> <span class='ocrx_word' id='word_1_87' title='bbox 555 1790 811 1875; x_wconf 78' lang='grc' dir='ltr'><strong><em>ἀποσβέννομαι</em></strong></span> <span class='ocrx_word' id='word_1_88' title='bbox 851 1813 909 1876; x_wconf 89' lang='lat' dir='ltr'><strong>pro</strong></span> <span class='ocrx_word' id='word_1_89' title='bbox 947 1798 1033 1858; x_wconf 85' lang='lat' dir='ltr'><strong>mori</strong></span> <span class='ocrx_word' id='word_1_90' title='bbox 1068 1791 1282 1875; x_wconf 79' lang='lat' dir='ltr'><strong>usurpavisse</strong></span> <span class='ocrx_word' id='word_1_91' title='bbox 1320 1791 1416 1858; x_wconf 89' lang='lat' dir='ltr'><strong>docet</strong></span> 
     </span>
     <span class='ocr_line' id='line_1_13' title="bbox 240 1897 1114 1983; baseline 0 -18"><span class='ocrx_word' id='word_1_92' title='bbox 240 1898 420 1982; x_wconf 85' lang='lat' dir='ltr'><strong>exemplum</strong></span> <span class='ocrx_word' id='word_1_93' title='bbox 444 1898 774 1983; x_wconf 81' lang='lat' dir='ltr'><strong>hoc31egiturenim</strong></span> <span class='ocrx_word' id='word_1_94' title='bbox 798 1900 877 1967; x_wconf 84' lang='lat' dir='ltr'><strong>Eur.</strong></span> <span class='ocrx_word' id='word_1_95' title='bbox 900 1900 986 1967; x_wconf 88' lang='lat' dir='ltr'><strong>Med.</strong></span> <span class='ocrx_word' id='word_1_96' title='bbox 1010 1897 1114 1966; x_wconf 80' lang='lat'>1218:</span> 
     </span>
    </p>
   </div>
   <div class='ocr_carea' id='block_1_4' title="bbox 239 2021 1416 2765">
    <p class='ocr_par' dir='ltr' id='par_1_5' title="bbox 400 2021 1323 2110">
     <span class='ocr_line' id='line_1_14' title="bbox 400 2021 1323 2110; baseline -0.001 -24"><span class='ocrx_word' id='word_1_97' title='bbox 400 2022 508 2108; x_wconf 81' lang='grc' dir='ltr'><strong><em>χρόνῳ</em></strong></span> <span class='ocrx_word' id='word_1_98' title='bbox 530 2021 743 2110; x_wconf 59' lang='lat' dir='ltr'><strong>auctorest)</strong></span> <span class='ocrx_word' id='word_1_99' title='bbox 763 2023 820 2087; x_wconf 80' lang='grc' dir='ltr'><strong>καὶ</strong></span> <span class='ocrx_word' id='word_1_100' title='bbox 838 2022 986 2109; x_wconf 67' lang='grc' dir='ltr'>μεθῆχ’ὀ</span> <span class='ocrx_word' id='word_1_101' title='bbox 1010 2025 1176 2110; x_wconf 77' lang='grc' dir='ltr'><strong><em>δύσμορος</em></strong></span> <span class='ocrx_word' id='word_1_102' title='bbox 1199 2024 1323 2109; x_wconf 72' lang='grc' dir='ltr'><strong>ψυχήν.</strong></span> 
     </span>
    </p>

    <p class='ocr_par' dir='ltr' id='par_1_6' title="bbox 239 2148 1416 2765">
     <span class='ocr_line' id='line_1_15' title="bbox 329 2148 1416 2231; baseline 0 -16"><span class='ocrx_word' id='word_1_103' title='bbox 329 2148 395 2215; x_wconf 84' lang='lat' dir='ltr'><strong>Sed</strong></span> <span class='ocrx_word' id='word_1_104' title='bbox 423 2148 610 2216; x_wconf 76' lang='lat' dir='ltr'><strong>Ciceronem</strong></span> <span class='ocrx_word' id='word_1_105' title='bbox 638 2148 866 2231; x_wconf 83' lang='lat' dir='ltr'><strong>philosophum</strong></span> <span class='ocrx_word' id='word_1_106' title='bbox 895 2148 991 2216; x_wconf 89' lang='lat' dir='ltr'><strong>huius</strong></span> <span class='ocrx_word' id='word_1_107' title='bbox 1022 2148 1113 2216; x_wconf 89' lang='lat' dir='ltr'><strong>vocis</strong></span> <span class='ocrx_word' id='word_1_108' title='bbox 1143 2167 1256 2216; x_wconf 88' lang='lat' dir='ltr'><strong>verum</strong></span> <span class='ocrx_word' id='word_1_109' title='bbox 1283 2167 1416 2215; x_wconf 85' lang='lat' dir='ltr'><strong>sensum</strong></span> 
     </span>
     <span class='ocr_line' id='line_1_16' title="bbox 239 2254 1415 2340; baseline -0.001 -19"><span class='ocrx_word' id='word_1_110' title='bbox 239 2254 425 2339; x_wconf 73' lang='lat' dir='ltr'><strong>percepisse</strong></span> <span class='ocrx_word' id='word_1_111' title='bbox 448 2274 491 2322; x_wconf 84' lang='lat' dir='ltr'><strong>ex</strong></span> <span class='ocrx_word' id='word_1_112' title='bbox 520 2256 561 2322; x_wconf 88' lang='lat' dir='ltr'><strong>iis</strong></span> <span class='ocrx_word' id='word_1_113' title='bbox 585 2256 709 2337; x_wconf 89' lang='lat' dir='ltr'><strong>elucet,</strong></span> <span class='ocrx_word' id='word_1_114' title='bbox 733 2275 818 2337; x_wconf 85' lang='lat' dir='ltr'><strong>quac</strong></span> <span class='ocrx_word' id='word_1_115' title='bbox 841 2254 980 2340; x_wconf 88' lang='lat' dir='ltr'><strong>legimus</strong></span> <span class='ocrx_word' id='word_1_116' title='bbox 1002 2255 1037 2321; x_wconf 92' lang='lat' dir='ltr'><strong>in</strong></span> <span class='ocrx_word' id='word_1_117' title='bbox 1059 2255 1144 2321; x_wconf 87' lang='lat' dir='ltr'><strong>libro</strong></span> <span class='ocrx_word' id='word_1_118' title='bbox 1167 2256 1208 2321; x_wconf 89' lang='lat' dir='ltr'><strong>de</strong></span> <span class='ocrx_word' id='word_1_119' title='bbox 1230 2258 1300 2322; x_wconf 89' lang='lat' dir='ltr'><strong>nat.</strong></span> <span class='ocrx_word' id='word_1_120' title='bbox 1326 2256 1415 2321; x_wconf 89' lang='lat' dir='ltr'><strong>deor.</strong></span> 
     </span>
     <span class='ocr_line' id='line_1_17' title="bbox 239 2361 1414 2450; baseline -0.002 -21"><span class='ocrx_word' id='word_1_121' title='bbox 239 2363 274 2429; x_wconf 89' lang='lat' dir='ltr'>H</span> <span class='ocrx_word' id='word_1_122' title='bbox 296 2361 356 2428; x_wconf 84' lang='lat'><strong>23:</strong></span> <span class='ocrx_word' id='word_1_123' title='bbox 378 2364 570 2450; x_wconf 73' lang='lat' dir='ltr'><strong>refrigerato</strong></span> <span class='ocrx_word' id='word_1_124' title='bbox 590 2371 617 2429; x_wconf 82' lang='lat' dir='ltr'><strong>ai</strong></span> <span class='ocrx_word' id='word_1_125' title='bbox 632 2366 759 2428; x_wconf 79' lang='lat' dir='ltr'><strong>caiiacto</strong></span> <span class='ocrx_word' id='word_1_126' title='bbox 774 2365 878 2428; x_wconf 80' lang='lat' dir='ltr'><strong>calore</strong></span> <span class='ocrx_word' id='word_1_127' title='bbox 893 2364 1055 2428; x_wconf 76' lang='lat' dir='ltr'><strong>occidimus</strong></span> <span class='ocrx_word' id='word_1_128' title='bbox 1070 2365 1132 2449; x_wconf 85' lang='lat' dir='ltr'><strong>ipsi</strong></span> <span class='ocrx_word' id='word_1_129' title='bbox 1146 2370 1173 2427; x_wconf 82' lang='grc' dir='ltr'><strong><em>ἀ</em></strong></span> <span class='ocrx_word' id='word_1_130' title='bbox 1187 2365 1414 2448; x_wconf 62' lang='lat' dir='ltr'><strong>minumum</strong></span> 
     </span>
     <span class='ocr_line' id='line_1_18' title="bbox 239 2467 1414 2551; baseline 0 -16"><span class='ocrx_word' id='word_1_131' title='bbox 239 2488 316 2536; x_wconf 91' lang='lat' dir='ltr'><strong>nam</strong></span> <span class='ocrx_word' id='word_1_132' title='bbox 352 2468 430 2551; x_wconf 86' lang='lat' dir='ltr'><strong>quin</strong></span> <span class='ocrx_word' id='word_1_133' title='bbox 467 2470 661 2537; x_wconf 88' lang='lat' dir='ltr'><strong>vocabulum</strong></span> <span class='ocrx_word' id='word_1_134' title='bbox 694 2471 779 2536; x_wconf 82' lang='lat' dir='ltr'><strong>calor</strong></span> <span class='ocrx_word' id='word_1_135' title='bbox 817 2468 858 2535; x_wconf 88' lang='lat' dir='ltr'><strong>de</strong></span> <span class='ocrx_word' id='word_1_136' title='bbox 891 2467 1056 2536; x_wconf 90' lang='lat' dir='ltr'><strong>industria</strong></span> <span class='ocrx_word' id='word_1_137' title='bbox 1089 2468 1275 2536; x_wconf 78' lang='lat' dir='ltr'><strong>adhibuerit</strong></span> <span class='ocrx_word' id='word_1_138' title='bbox 1302 2468 1414 2535; x_wconf 77' lang='lat' dir='ltr'><strong>Cicero</strong></span> 
     </span>
     <span class='ocr_line' id='line_1_19' title="bbox 240 2574 1414 2670; baseline -0.001 -27"><span class='ocrx_word' id='word_1_139' title='bbox 240 2575 402 2643; x_wconf 77' lang='lat' dir='ltr'><strong>Heracliti</strong></span> <span class='ocrx_word' id='word_1_140' title='bbox 431 2576 502 2643; x_wconf 85' lang='lat' dir='ltr'><strong>sive</strong></span> <span class='ocrx_word' id='word_1_141' title='bbox 526 2576 709 2644; x_wconf 83' lang='lat' dir='ltr'><strong>Stoicorum</strong></span> <span class='ocrx_word' id='word_1_142' title='bbox 739 2576 910 2644; x_wconf 89' lang='lat' dir='ltr'><strong>doctrinae</strong></span> <span class='ocrx_word' id='word_1_143' title='bbox 933 2575 974 2643; x_wconf 88' lang='lat' dir='ltr'><strong>de</strong></span> <span class='ocrx_word' id='word_1_144' title='bbox 998 2576 1137 2670; x_wconf 88' lang='lat' dir='ltr'><strong>animae</strong></span> <span class='ocrx_word' id='word_1_145' title='bbox 1153 2574 1253 2659; x_wconf 89' lang='lat' dir='ltr'><strong>ignea</strong></span> <span class='ocrx_word' id='word_1_146' title='bbox 1275 2576 1414 2643; x_wconf 88' lang='lat' dir='ltr'><strong>materia</strong></span> 
     </span>
     <span class='ocr_line' id='line_1_20' title="bbox 242 2682 739 2765; baseline 0 -16"><span class='ocrx_word' id='word_1_147' title='bbox 242 2682 425 2751; x_wconf 84' lang='lat' dir='ltr'><strong>adhaerens</strong></span> <span class='ocrx_word' id='word_1_148' title='bbox 449 2682 594 2750; x_wconf 85' lang='lat' dir='ltr'><strong>dubitari</strong></span> <span class='ocrx_word' id='word_1_149' title='bbox 617 2682 739 2765; x_wconf 89' lang='lat' dir='ltr'><strong>nequit.</strong></span> 
     </span>
    </p>
   </div>
   <div class='ocr_carea' id='block_1_5' title="bbox 239 2807 1417 2999">
    <p class='ocr_par' dir='ltr' id='par_1_7' title="bbox 239 2807 1417 2999">
     <span class='ocr_line' id='line_1_21' title="bbox 328 2807 1417 2896; baseline 0 -22"><span class='ocrx_word' id='word_1_150' title='bbox 328 2807 390 2875; x_wconf 86' lang='lat' dir='ltr'><strong>His</strong></span> <span class='ocrx_word' id='word_1_151' title='bbox 406 2808 585 2892; x_wconf 86' lang='lat' dir='ltr'><strong>perpensis,</strong></span> <span class='ocrx_word' id='word_1_152' title='bbox 609 2809 766 2891; x_wconf 85' lang='lat' dir='ltr'><strong>quomodo</strong></span> <span class='ocrx_word' id='word_1_153' title='bbox 782 2807 874 2876; x_wconf 82' lang='lat' dir='ltr'><strong>vocis</strong></span> <span class='ocrx_word' id='word_1_154' title='bbox 896 2812 1035 2896; x_wconf 73' lang='lat' dir='ltr'><strong>catiaqai</strong></span> <span class='ocrx_word' id='word_1_155' title='bbox 1049 2826 1128 2875; x_wconf 82' lang='lat' dir='ltr'><strong>usus</strong></span> <span class='ocrx_word' id='word_1_156' title='bbox 1144 2810 1346 2892; x_wconf 84' lang='lat' dir='ltr'><strong>propagatus</strong></span> <span class='ocrx_word' id='word_1_157' title='bbox 1362 2808 1417 2890; x_wconf 86' lang='lat' dir='ltr'><strong>sit,</strong></span> 
     </span>
     <span class='ocr_line' id='line_1_22' title="bbox 239 2914 950 2999; baseline -0.001 -16"><span class='ocrx_word' id='word_1_158' title='bbox 239 2914 354 2999; x_wconf 85' lang='lat' dir='ltr'><strong>paucis</strong></span> <span class='ocrx_word' id='word_1_159' title='bbox 376 2915 565 2999; x_wconf 82' lang='lat' dir='ltr'><strong>illustrab03</strong></span> <span class='ocrx_word' id='word_1_160' title='bbox 587 2914 755 2984; x_wconf 90' lang='lat' dir='ltr'><strong>invenitur</strong></span> <span class='ocrx_word' id='word_1_161' title='bbox 777 2914 859 2982; x_wconf 86' lang='lat' dir='ltr'><strong>locis</strong></span> <span class='ocrx_word' id='word_1_162' title='bbox 882 2915 950 2982; x_wconf 90' lang='lat' dir='ltr'><strong>his:</strong></span> 
     </span>
    </p>
   </div>
   <div class='ocr_carea' id='block_1_6' title="bbox 285 3038 1415 3232">
    <p class='ocr_par' dir='ltr' id='par_1_8' title="bbox 285 3038 1415 3232">
     <span class='ocr_line' id='line_1_23' title="bbox 285 3038 1415 3122; baseline -0.001 -15"><span class='ocrx_word' id='word_1_163' title='bbox 285 3040 350 3108; x_wconf 79' lang='lat' dir='ltr'><strong>Cic.</strong></span> <span class='ocrx_word' id='word_1_164' title='bbox 374 3043 432 3108; x_wconf 89' lang='lat' dir='ltr'><strong>nat</strong></span> <span class='ocrx_word' id='word_1_165' title='bbox 455 3042 489 3107; x_wconf 93' lang='grc' dir='ltr'>Π</span> <span class='ocrx_word' id='word_1_166' title='bbox 513 3038 571 3107; x_wconf 84' lang='grc'><strong>14;</strong></span> <span class='ocrx_word' id='word_1_167' title='bbox 598 3058 661 3122; x_wconf 92' lang='lat' dir='ltr'><strong>quo</strong></span> <span class='ocrx_word' id='word_1_168' title='bbox 690 3058 776 3107; x_wconf 87' lang='lat' dir='ltr'><strong>anno</strong></span> <span class='ocrx_word' id='word_1_169' title='bbox 800 3041 836 3106; x_wconf 92' lang='lat' dir='ltr'><strong>P.</strong></span> <span class='ocrx_word' id='word_1_170' title='bbox 859 3038 1039 3107; x_wconf 83' lang='lat' dir='ltr'><strong>Africanus</strong></span> <span class='ocrx_word' id='word_1_171' title='bbox 1067 3039 1117 3106; x_wconf 88' lang='lat' dir='ltr'><strong>sol</strong></span> <span class='ocrx_word' id='word_1_172' title='bbox 1141 3038 1227 3105; x_wconf 87' lang='lat' dir='ltr'><strong>alter</strong></span> <span class='ocrx_word' id='word_1_173' title='bbox 1248 3039 1415 3106; x_wconf 83' lang='lat' dir='ltr'><strong>extinctus</strong></span> 
     </span>
     <span class='ocr_line' id='line_1_24' title="bbox 302 3144 1025 3232; baseline -0.003 -17"><span class='ocrx_word' id='word_1_174' title='bbox 302 3155 305 3161; x_wconf 87' lang='grc'><strong>’</strong></span> <span class='ocrx_word' id='word_1_175' title='bbox 401 3150 470 3230; x_wconf 91' lang='lat' dir='ltr'><strong>est;</strong></span> <span class='ocrx_word' id='word_1_176' title='bbox 493 3147 569 3214; x_wconf 88' lang='lat' dir='ltr'><strong>ibid.</strong></span> <span class='ocrx_word' id='word_1_177' title='bbox 592 3149 688 3214; x_wconf 76' lang='lat' dir='ltr'><strong>Tusa.</strong></span> <span class='ocrx_word' id='word_1_178' title='bbox 711 3147 728 3213; x_wconf 96' lang='lat' dir='ltr'>I</span> <span class='ocrx_word' id='word_1_179' title='bbox 751 3144 810 3230; x_wconf 74' lang='lat'><strong>863</strong></span> <span class='ocrx_word' id='word_1_180' title='bbox 833 3145 897 3232; x_wconf 84' lang='lat' dir='ltr'><strong>irg.</strong></span> <span class='ocrx_word' id='word_1_181' title='bbox 919 3148 949 3214; x_wconf 85' lang='lat' dir='ltr'>V</span> <span class='ocrx_word' id='word_1_182' title='bbox 972 3144 1025 3213; x_wconf 84' lang='lat'><strong>97.</strong></span> 
     </span>
    </p>
   </div>
   <div class='ocr_carea' id='block_1_7' title="bbox 285 3271 1415 3463">
    <p class='ocr_par' dir='ltr' id='par_1_9' title="bbox 285 3271 1415 3463">
     <span class='ocr_line' id='line_1_25' title="bbox 329 3271 1198 3354; baseline -0.006 -14"><span class='ocrx_word' id='word_1_183' title='bbox 329 3272 394 3340; x_wconf 86' lang='lat' dir='ltr'><strong>Sed</strong></span> <span class='ocrx_word' id='word_1_184' title='bbox 417 3274 554 3340; x_wconf 89' lang='lat' dir='ltr'><strong>utuntur</strong></span> <span class='ocrx_word' id='word_1_185' title='bbox 576 3274 640 3340; x_wconf 90' lang='lat' dir='ltr'><strong>hac</strong></span> <span class='ocrx_word' id='word_1_186' title='bbox 662 3272 827 3340; x_wconf 91' lang='lat' dir='ltr'><strong>locutione</strong></span> <span class='ocrx_word' id='word_1_187' title='bbox 850 3272 908 3339; x_wconf 89' lang='lat' dir='ltr'><strong>alii</strong></span> <span class='ocrx_word' id='word_1_188' title='bbox 931 3291 1067 3354; x_wconf 86' lang='lat' dir='ltr'><strong>quoque,</strong></span> <span class='ocrx_word' id='word_1_189' title='bbox 1090 3271 1198 3338; x_wconf 87' lang='lat' dir='ltr'><strong>velut:</strong></span> 
     </span>
     <span class='ocr_line' id='line_1_26' title="bbox 285 3378 1415 3463; baseline -0.002 -15"><span class='ocrx_word' id='word_1_190' title='bbox 285 3381 402 3449; x_wconf 80' lang='lat' dir='ltr'><strong>Catuli.</strong></span> <span class='ocrx_word' id='word_1_191' title='bbox 426 3378 478 3448; x_wconf 82' lang='grc'><strong>64.</strong></span> <span class='ocrx_word' id='word_1_192' title='bbox 501 3401 532 3448; x_wconf 90' lang='lat' dir='ltr'><strong>v.</strong></span> <span class='ocrx_word' id='word_1_193' title='bbox 556 3379 638 3448; x_wconf 82' lang='lat'>400:</span> <span class='ocrx_word' id='word_1_194' title='bbox 663 3380 792 3449; x_wconf 87' lang='lat' dir='ltr'><strong>destitit</strong></span> <span class='ocrx_word' id='word_1_195' title='bbox 813 3380 977 3448; x_wconf 83' lang='lat' dir='ltr'><strong>extinctos</strong></span> <span class='ocrx_word' id='word_1_196' title='bbox 1001 3382 1100 3446; x_wconf 87' lang='lat' dir='ltr'><strong>nutus</strong></span> <span class='ocrx_word' id='word_1_197' title='bbox 1123 3379 1236 3463; x_wconf 89' lang='lat' dir='ltr'><strong>lugere</strong></span> <span class='ocrx_word' id='word_1_198' title='bbox 1252 3383 1415 3462; x_wconf 86' lang='lat' dir='ltr'><strong>parentes.</strong></span> 
     </span>
    </p>
   </div>
   <div class='ocr_carea' id='block_1_8' title="bbox 239 3581 1416 4240">
    <p class='ocr_par' dir='ltr' id='par_1_10' title="bbox 239 3581 1414 3844">
     <span class='ocr_line' id='line_1_27' title="bbox 331 3581 1414 3673; baseline -0.002 -23"><span class='ocrx_word' id='word_1_199' title='bbox 331 3594 358 3663; x_wconf 84' lang='lat'><strong>1)</strong></span> <span class='ocrx_word' id='word_1_200' title='bbox 366 3591 490 3651; x_wconf 82' lang='lat' dir='ltr'><strong>Codices</strong></span> <span class='ocrx_word' id='word_1_201' title='bbox 498 3591 635 3663; x_wconf 84' lang='lat' dir='ltr'><strong>praebent</strong></span> <span class='ocrx_word' id='word_1_202' title='bbox 645 3584 795 3673; x_wconf 71' lang='grc' dir='ltr'><strong><em>ἀπέστης</em></strong></span> <span class='ocrx_word' id='word_1_203' title='bbox 815 3591 868 3650; x_wconf 88' lang='lat' dir='ltr'><strong>sed</strong></span> <span class='ocrx_word' id='word_1_204' title='bbox 881 3594 977 3649; x_wconf 69' lang='lat' dir='ltr'><strong>amen</strong></span> <span class='ocrx_word' id='word_1_205' title='bbox 988 3590 1172 3648; x_wconf 88' lang='lat' dir='ltr'><strong>verissimum</strong></span> <span class='ocrx_word' id='word_1_206' title='bbox 1184 3591 1253 3659; x_wconf 88' lang='lat' dir='ltr'><strong>puto</strong></span> <span class='ocrx_word' id='word_1_207' title='bbox 1267 3581 1414 3670; x_wconf 78' lang='grc' dir='ltr'><strong><em>ἀπέσβη,</em></strong></span> 
     </span>
     <span class='ocr_line' id='line_1_28' title="bbox 240 3676 1414 3754; baseline -0.004 -14"><span class='ocrx_word' id='word_1_208' title='bbox 240 3682 315 3754; x_wconf 87' lang='lat' dir='ltr'><strong>quod</strong></span> <span class='ocrx_word' id='word_1_209' title='bbox 339 3683 446 3753; x_wconf 90' lang='lat' dir='ltr'><strong>optime</strong></span> <span class='ocrx_word' id='word_1_210' title='bbox 471 3682 617 3753; x_wconf 89' lang='lat' dir='ltr'><strong>proposuit</strong></span> <span class='ocrx_word' id='word_1_211' title='bbox 641 3680 784 3749; x_wconf 80' lang='lat' dir='ltr'><strong>Scaliger,</strong></span> <span class='ocrx_word' id='word_1_212' title='bbox 810 3681 892 3752; x_wconf 84' lang='lat' dir='ltr'><strong>idque</strong></span> <span class='ocrx_word' id='word_1_213' title='bbox 917 3682 996 3738; x_wconf 91' lang='lat' dir='ltr'><strong>recte</strong></span> <span class='ocrx_word' id='word_1_214' title='bbox 1022 3679 1195 3736; x_wconf 77' lang='lat' dir='ltr'><strong>adnnsemnt</strong></span> <span class='ocrx_word' id='word_1_215' title='bbox 1220 3676 1360 3736; x_wconf 87' lang='lat' dir='ltr'><strong>Brunkius</strong></span> <span class='ocrx_word' id='word_1_216' title='bbox 1386 3680 1414 3735; x_wconf 88' lang='lat' dir='ltr'><strong>et</strong></span> 
     </span>
     <span class='ocr_line' id='line_1_29' title="bbox 239 3765 1414 3844; baseline -0.005 -14"><span class='ocrx_word' id='word_1_217' title='bbox 239 3771 417 3844; x_wconf 85' lang='lat' dir='ltr'><strong>Elmsieyus;</strong></span> <span class='ocrx_word' id='word_1_218' title='bbox 436 3772 536 3829; x_wconf 87' lang='lat' dir='ltr'><strong>eadem</strong></span> <span class='ocrx_word' id='word_1_219' title='bbox 554 3771 681 3829; x_wconf 85' lang='lat' dir='ltr'><strong>oratione</strong></span> <span class='ocrx_word' id='word_1_220' title='bbox 699 3783 767 3828; x_wconf 88' lang='lat' dir='ltr'><strong>usus</strong></span> <span class='ocrx_word' id='word_1_221' title='bbox 787 3772 833 3827; x_wconf 86' lang='lat' dir='ltr'><strong>est</strong></span> <span class='ocrx_word' id='word_1_222' title='bbox 851 3768 1051 3841; x_wconf 83' lang='lat' dir='ltr'><strong>Euriplncert.</strong></span> <span class='ocrx_word' id='word_1_223' title='bbox 1068 3768 1124 3825; x_wconf 87' lang='lat' dir='ltr'><strong>iah.</strong></span> <span class='ocrx_word' id='word_1_224' title='bbox 1143 3767 1194 3835; x_wconf 83' lang='lat' dir='ltr'><strong>irg.</strong></span> <span class='ocrx_word' id='word_1_225' title='bbox 1213 3765 1325 3836; x_wconf 88' lang='lat' dir='ltr'><strong>(Nauck</strong></span> <span class='ocrx_word' id='word_1_226' title='bbox 1336 3769 1414 3837; x_wconf 74' lang='lat' dir='ltr'><strong>em:</strong></span> 
     </span>
    </p>

    <p class='ocr_par' dir='ltr' id='par_1_11' title="bbox 455 3851 1224 3947">
     <span class='ocr_line' id='line_1_30' title="bbox 455 3851 1224 3947; baseline -0.01 -19"><span class='ocrx_word' id='word_1_227' title='bbox 455 3863 473 3928; x_wconf 83' lang='grc' dir='ltr'><strong>ὁ</strong></span> <span class='ocrx_word' id='word_1_228' title='bbox 497 3859 608 3946; x_wconf 83' lang='grc' dir='ltr'><strong><em>δ’ἀρτο</em></strong></span> <span class='ocrx_word' id='word_1_229' title='bbox 636 3860 774 3926; x_wconf 72' lang='grc' dir='ltr'><strong><em>θάλλων</em></strong></span> <span class='ocrx_word' id='word_1_230' title='bbox 798 3863 908 3947; x_wconf 78' lang='grc' dir='ltr'><strong><em>σάρκα</em></strong></span> <span class='ocrx_word' id='word_1_231' title='bbox 931 3858 1088 3945; x_wconf 77' lang='grc' dir='ltr'><strong>διοπετὴς</strong></span> <span class='ocrx_word' id='word_1_232' title='bbox 1113 3851 1224 3931; x_wconf 78' lang='grc' dir='ltr'><strong><em>ὅπως·</em></strong></span> 
     </span>
    </p>

    <p class='ocr_par' dir='ltr' id='par_1_12' title="bbox 240 3961 1416 4240">
     <span class='ocr_line' id='line_1_31' title="bbox 454 3961 1235 4055; baseline -0.008 -22"><span class='ocrx_word' id='word_1_233' title='bbox 454 3967 561 4053; x_wconf 82' lang='grc' dir='ltr'><strong><em>ἀστὴρ</em></strong></span> <span class='ocrx_word' id='word_1_234' title='bbox 584 3968 731 4055; x_wconf 77' lang='grc' dir='ltr'><strong><em>ἀπέσβη,</em></strong></span> <span class='ocrx_word' id='word_1_235' title='bbox 756 3966 879 4052; x_wconf 77' lang='grc' dir='ltr'><strong><em>πνεῦμ’</em></strong></span> <span class='ocrx_word' id='word_1_236' title='bbox 903 3967 1017 4051; x_wconf 78' lang='grc' dir='ltr'><strong><em>ἀφιεὶς</em></strong></span> <span class='ocrx_word' id='word_1_237' title='bbox 1041 3964 1075 4041; x_wconf 75' lang='grc' dir='ltr'><strong>ἐς</strong></span> <span class='ocrx_word' id='word_1_238' title='bbox 1099 3961 1235 4046; x_wconf 75' lang='grc' dir='ltr'><strong>αἰθέρα.</strong></span> 
     </span>
     <span class='ocr_line' id='line_1_32' title="bbox 240 4060 1416 4151; baseline -0.003 -20"><span class='ocrx_word' id='word_1_239' title='bbox 240 4072 377 4144; x_wconf 82' lang='lat' dir='ltr'><strong>Exempla</strong></span> <span class='ocrx_word' id='word_1_240' title='bbox 390 4074 491 4131; x_wconf 83' lang='lat' dir='ltr'><strong>similia</strong></span> <span class='ocrx_word' id='word_1_241' title='bbox 502 4074 651 4142; x_wconf 75' lang='lat' dir='ltr'><strong>congessit</strong></span> <span class='ocrx_word' id='word_1_242' title='bbox 663 4072 844 4137; x_wconf 84' lang='lat' dir='ltr'><strong>Ruhnkenius</strong></span> <span class='ocrx_word' id='word_1_243' title='bbox 858 4072 891 4130; x_wconf 85' lang='lat' dir='ltr'><strong>ed</strong></span> <span class='ocrx_word' id='word_1_244' title='bbox 905 4072 1015 4130; x_wconf 85' lang='lat' dir='ltr'><strong>Timaei</strong></span> <span class='ocrx_word' id='word_1_245' title='bbox 1029 4072 1159 4141; x_wconf 79' lang='lat' dir='ltr'><strong>glossam</strong></span> <span class='ocrx_word' id='word_1_246' title='bbox 1172 4060 1318 4151; x_wconf 79' lang='grc' dir='ltr'><strong><em>ἀπέσβη.</em></strong></span> <span class='ocrx_word' id='word_1_247' title='bbox 1336 4064 1416 4130; x_wconf 67' lang='lat' dir='ltr'><strong>vea-</strong></span> 
     </span>
     <span class='ocr_line' id='line_1_33' title="bbox 240 4159 1416 4240; baseline -0.003 -21"><span class='ocrx_word' id='word_1_248' title='bbox 240 4177 336 4240; x_wconf 81' lang='grc' dir='ltr'><strong><em>οηκεο</em></strong></span> <span class='ocrx_word' id='word_1_249' title='bbox 348 4176 375 4232; x_wconf 92' lang='lat' dir='ltr'><strong>p.</strong></span> <span class='ocrx_word' id='word_1_250' title='bbox 394 4164 438 4219; x_wconf 86' lang='grc'><strong>40.</strong></span> <span class='ocrx_word' id='word_1_251' title='bbox 475 4162 660 4227; x_wconf 83' lang='lat' dir='ltr'><strong>Recentiores</strong></span> <span class='ocrx_word' id='word_1_252' title='bbox 686 4163 782 4219; x_wconf 87' lang='lat' dir='ltr'><strong>autem</strong></span> <span class='ocrx_word' id='word_1_253' title='bbox 807 4162 931 4220; x_wconf 85' lang='lat' dir='ltr'><strong>editores</strong></span> <span class='ocrx_word' id='word_1_254' title='bbox 957 4161 1144 4219; x_wconf 86' lang='lat' dir='ltr'><strong>Kirchhoiiius</strong></span> <span class='ocrx_word' id='word_1_255' title='bbox 1170 4163 1199 4219; x_wconf 90' lang='lat' dir='ltr'><strong>et</strong></span> <span class='ocrx_word' id='word_1_256' title='bbox 1223 4159 1416 4218; x_wconf 87' lang='lat' dir='ltr'><strong>Weckleinius</strong></span> 
     </span>
    </p>
   </div>
   <div class='ocr_carea' id='block_1_9' title="bbox 240 4240 1415 4408">
    <p class='ocr_par' dir='ltr' id='par_1_13' title="bbox 240 4240 1415 4408">
     <span class='ocr_line' id='line_1_34' title="bbox 240 4240 1415 4329; baseline 0.002 -24"><span class='ocrx_word' id='word_1_257' title='bbox 240 4240 373 4329; x_wconf 80' lang='grc' dir='ltr'><strong><em>ἀπέστη</em></strong></span> <span class='ocrx_word' id='word_1_258' title='bbox 397 4250 511 4317; x_wconf 76' lang='lat' dir='ltr'><strong>mduni,</strong></span> <span class='ocrx_word' id='word_1_259' title='bbox 530 4251 629 4308; x_wconf 89' lang='lat' dir='ltr'><strong>nescio</strong></span> <span class='ocrx_word' id='word_1_260' title='bbox 649 4252 741 4308; x_wconf 86' lang='lat' dir='ltr'><strong>utrum</strong></span> <span class='ocrx_word' id='word_1_261' title='bbox 759 4250 942 4309; x_wconf 88' lang='lat' dir='ltr'><strong>solummodo</strong></span> <span class='ocrx_word' id='word_1_262' title='bbox 961 4252 1095 4310; x_wconf 87' lang='lat' dir='ltr'><strong>codicum</strong></span> <span class='ocrx_word' id='word_1_263' title='bbox 1113 4251 1281 4310; x_wconf 84' lang='lat' dir='ltr'><strong>auctoritate</strong></span> <span class='ocrx_word' id='word_1_264' title='bbox 1300 4264 1336 4308; x_wconf 88' lang='lat' dir='ltr'><strong>an</strong></span> <span class='ocrx_word' id='word_1_265' title='bbox 1355 4249 1415 4307; x_wconf 86' lang='lat' dir='ltr'><strong>aliis</strong></span> 
     </span>
     <span class='ocr_line' id='line_1_35' title="bbox 241 4337 677 4408; baseline 0.005 -13"><span class='ocrx_word' id='word_1_266' title='bbox 241 4337 408 4407; x_wconf 85' lang='lat' dir='ltr'><strong>quibusdam</strong></span> <span class='ocrx_word' id='word_1_267' title='bbox 427 4340 597 4408; x_wconf 84' lang='lat' dir='ltr'><strong>argumentis</strong></span> <span class='ocrx_word' id='word_1_268' title='bbox 615 4341 677 4397; x_wconf 88' lang='lat' dir='ltr'><strong>nisi.</strong></span> 
     </span>
    </p>
   </div>
   <div class='ocr_carea' id='block_1_10' title="bbox 0 0 1580 5059">
    <p class='ocr_par' dir='ltr' id='par_1_14' title="bbox 0 0 1580 5059">
     <span class='ocr_line' id='line_1_36' title="bbox 0 0 1580 5059; baseline 0 0"><span class='ocrx_word' id='word_1_269' title='bbox 0 0 1580 5059; x_wconf 95' lang='lat' dir='ltr'><strong> </strong></span> 
     </span>
    </p>
   </div>
  </div>
 </body>
</html>
