3142 5059
602 500 823 569 „47-

173 693 349 763 01011110.
367 693 427 763 74:
451 748 458 764 .
481 749 489 766 .
513 748 521 765 .
544 718 585 765 ue
606 698 716 767 laetus
732 718 774 766 ex
788 698 841 765 his
859 698 1005 766 tenebris
1028 698 1062 765 in
1084 698 1189 766 lucem
1211 698 1302 766 illam

289 804 481 888 excesserit,
509 807 568 873 sed
591 809 757 889 tamquam
780 826 802 873 a
824 805 1021 891 magistratu
1044 808 1103 872 aut
1126 807 1169 873 ab
1191 806 1303 888 eliqua

288 913 456 994 potestate
478 912 635 998 legitima,
658 914 706 982 sic
729 934 750 981 a
768 914 829 981 deo
853 913 913 998 (sc.
930 932 951 981 a
966 914 1027 980 deo
1042 912 1076 979 in
1092 912 1187 982 uobis
1203 913 1302 979 domi-

288 1015 404 1103 nante)
428 1023 585 1090 evocatus
609 1024 708 1103 atque
730 1020 869 1088 emissus
893 1019 1020 1087 exierit.

173 1142 288 1210 Senec.
314 1162 363 1226 ep.
386 1141 439 1212 36.
463 1143 523 1213 11;
547 1165 650 1228 aequo
674 1146 781 1214 animo
805 1146 904 1213 debet
926 1145 1091 1212 rediturus
1114 1144 1213 1212 exire.

228 1301 244 1334 ,,
332 1302 347 1335 ,,
387 1249 439 1319 61.
485 1251 523 1320 2:
545 1254 683 1336 paratus
706 1273 777 1321 sum
800 1252 900 1321 exire.

227 1407 243 1440 ,,
331 1411 347 1441 ,,
387 1357 950 1429 68.14:utmeliorcxeam...

227 1515 243 1548 „
330 1517 346 1550 „
387 1465 439 1535 54.
485 1466 523 1535 7:
546 1487 631 1551 quae
654 1470 707 1536 est
729 1468 816 1536 euim
837 1468 944 1537 virtus
964 1488 1036 1536 cum
1058 1468 1188 1536 eiciaris
1204 1467 1303 1537 exire.

228 1622 243 1654 ‚,
332 1624 347 1656 ‚,
388 1572 440 1642 70.
463 1573 523 1643 23:
546 1575 627 1641 nihil
650 1577 762 1644 obstat
784 1595 954 1660 erumpere
977 1578 1012 1643 et
1034 1574 1124 1643 exire
1151 1575 1303 1659 cupienti.

229 1730 244 1761 „
331 1731 347 1762 „
387 1678 440 1749 93.
485 1679 523 1749 9:
547 1701 608 1750 nec
631 1684 694 1750 hac
716 1702 784 1767 spe,
813 1678 933 1766 inquit,
956 1682 1076 1750 fortius
1099 1702 1194 1765 exeo,
1218 1683 1304 1766 quod

175 1875 200 1942 ‘t
347 1874 391 1943 98
424 1876 466 1945 16
546 1792 661 1874 patere
691 1789 769 1857 mihi
800 1791 844 1857 ad
872 1789 952 1858 deos
981 1809 1071 1858 meos
1093 1790 1158 1857 iter
1179 1790 1304 1873 iudico;

172 1895 252 1943 rem
275 1896 324 1960 ep.
392 1928 400 1944 .
468 1929 476 1946 .

127 2000 254 2085 Quibus
285 2003 442 2086 exemplis
472 2005 628 2072 moralem
658 2005 795 2073 subesse
825 2003 985 2071 rationem
1008 2004 1083 2073 voci
1105 2008 1191 2071 aare
1219 2004 1303 2073 satis

128 2111 277 2193 apparet,
301 2112 335 2177 et
358 2110 460 2193 siquis
482 2111 628 2195 pleniore
650 2111 816 2179 locutione
838 2111 888 2178 uti
902 2112 1012 2193 vellet,
1036 2130 1122 2179 nunc
1137 2130 1203 2179 non
1222 2116 1305 2178 cairo

129 2238 146 2281 e
167 2220 232 2283 cito
254 2216 313 2284 illa
335 2221 478 2301 sonaret,
502 2220 560 2287 sed
576 2218 685 2303 potius
701 2223 783 2286 cairo
798 2240 814 2284 c
828 2240 965 2306 corpore,
988 2218 1023 2286 id
1043 2221 1095 2286 est
1111 2238 1147 2286 se
1161 2219 1304 2286 liberare

129 2342 152 2389 a
174 2342 308 2407 corpore
330 2327 498 2408 tamquam
521 2346 541 2393 a
563 2326 704 2395 viuculo.
745 2326 820 2392 Hac
841 2325 1115 2409 interpretatione
1136 2325 1306 2409 proposita

128 2429 194 2496 iam
218 2430 322 2500 sentis
346 2452 408 2515 quo
431 2432 583 2516 tendam3
613 2452 689 2501 nam
719 2436 804 2499 exiro
832 2435 895 2501 hoc
925 2452 1025 2501 sensu
1055 2432 1238 2517 praeditum
1262 2432 1305 2499 ad

129 2537 275 2605 Stoicam
304 2539 487 2608 doctrinam
517 2543 670 2625 spectare
699 2540 733 2607 in
763 2542 935 2625 propatulo
967 2543 1035 2623 est,
1076 2560 1181 2624 neque
1213 2540 1306 2608 casui

128 2644 346 2729 tribuendum,
369 2648 455 2730 quod
470 2652 553 2715 caira
573 2650 636 2716 hac
659 2648 899 2734 significatione
922 2667 987 2715 non
1010 2647 1075 2715 nisi
1097 2648 1185 2732 apud
1204 2648 1304 2716 Seue·
1405 2731 1408 2736 Ι

129 2771 203 2821 cam
217 2754 361 2823 Stoicum
377 2756 603 2840 philosophum
626 2759 661 2824 ct
675 2756 873 2839 Ciceronem,
896 2756 952 2839 qui
967 2755 1116 2838 quamvis
1137 2776 1204 2823 uon
1219 2755 1304 2823 stoi-

129 2880 240 2928 corum
269 2862 466 2947 pedisequus
501 2865 560 2931 sed
593 2866 704 2931 tamen
737 2882 849 2931 eorum
883 2862 1040 2930 doctrinis
1069 2863 1213 2931 imbutus
1235 2863 1305 2943 est,

127 2968 306 3039 iuvenitur.
345 2971 528 3039 Stoicorum
547 2970 632 3038 enim
649 2970 827 3039 secuudum
842 2969 1025 3053 opinionem
1039 2966 1304 3052 vitascrvitus1)

130 3079 193 3159 est,
216 3096 313 3159 quam
335 3080 372 3145 ut
395 3078 555 3163 effugiant
577 3082 659 3145 scire
682 3078 817 3159 docent,
843 3076 920 3145 hinc
941 3077 1023 3143 illud
1045 3080 1129 3143 exire
1150 3078 1194 3143 od
1216 3077 1305 3143 liter·

130 3190 240 3267 wem,
272 3185 358 3268 quod
389 3205 454 3254 uon
483 3205 558 3254 raro
590 3205 662 3252 cum
692 3186 822 3253 ratione
850 3187 1063 3252 voluntariam
1092 3192 1220 3251 mamm
1249 3185 1306 3249 sili

130 3294 309 3360 (011101000νο
332 3292 482 3361 concinit.

220 3418 338 3501 Itaque
374 3418 477 3485 Stoici
514 3418 658 3502 corporis
695 3417 836 3487 vinculis
873 3416 1029 3501 vitaeque
1067 3416 1231 3484 aerumnis
1269 3434 1305 3483 se

129 3522 272 3593 liberare
306 3525 441 3609 cupiunt
474 3527 509 3592 et
542 3528 679 3592 mortem
712 3525 857 3592 dolorem
890 3524 1031 3593 omnium
1069 3524 1306 3593 exsolutionem

130 3632 287 3699 laudaut:
321 3633 370 3701 sic
399 3632 485 3700 euim
516 3632 675 3701 Senecam
705 3632 851 3700 Stoicum
884 3633 1123 3701 exclamantem
1158 3631 1306 3699 audimus

222 3914 250 3987 1)
270 3916 399 3973 conferas
418 3915 486 3974 Seu.
509 3916 544 3973 ad
562 3914 651 3974 Mare.
670 3914 734 3973 XlX
752 3919 784 3973 6:
811 3914 940 3974 excessu
958 3915 1048 3987 filius
1065 3918 1136 3973 tuus
1154 3913 1305 3984 terminos,

132 4003 215 4061 intra
233 4018 309 4077 quos
326 4005 477 4075 servitum·
501 4006 569 4062 item
591 4019 636 4075 ep.
655 4008 697 4062 77.
718 4008 766 4061 15:
790 4018 860 4062 nam
879 4004 955 4075 otta,
980 4003 1010 4060 sl
1025 4002 1174 4061 moriendi
1190 4002 1306 4075 (eodem

131 4094 191 4150 iure
210 4094 334 4152 seribere
352 4096 443 4165 potuit
461 4092 600 4163 exeundi)
620 4094 715 4151 virtus
734 4093 828 4165 abest,
846 4093 977 4151 seruitus
994 4096 1059 4161 ιω
1081 4091 1187 4149 ibidem
1203 4091 1256 4149 XX
1273 4094 1306 4149 3:

132 4196 192 4242 nou
217 4188 264 4242 eat
286 4184 441 4242 molestum
465 4183 593 4252 seruire,
617 4182 671 4242 ubl
691 4182 722 4239 sl
735 4181 858 4240 *domini
877 4185 1048 4252 pertaesum
1066 4183 1127 4251 est,
1152 4180 1223 4238 licet
1246 4194 1306 4238 uno

130 4272 233 4343 gradu
253 4273 296 4330 ad
311 4272 480 4331 libertatem
498 4271 651 4341 transtra·
668 4301 704 4311 -
721 4272 778 4328 hoc
798 4270 862 4328 1000
875 4269 987 4328 Seneca
1000 4271 1098 4327 lterum
1118 4283 1169 4338 pro
1187 4270 1306 4326 uanslre

133 4361 218 4419 extre
235 4362 359 4419 scribere
378 4361 468 4431 poton
485 4387 529 4416 -.
