3142 5059
611 520 831 591 ...63-

125 740 206 788 cum
229 720 286 787 alii
308 722 378 788 tum
400 720 556 804 imprimis
580 722 619 788 A.
641 706 838 806 Kraemer1)
869 720 994 788 duobus
1024 718 1144 787 libellis
1170 719 1306 804 diligen-

124 827 260 895 tissime
282 828 408 896 versati
431 833 518 910 sunt,
544 829 647 896 verba
669 827 781 895 iacere
804 826 1011 910 supersedeo.
1055 827 1126 894 Iam
1149 846 1229 895 vero
1251 827 1307 894 ad-

124 934 314 1002 mirandum
337 934 466 1002 omnino
489 955 554 1002 non
577 937 638 1016 est,
661 935 747 1016 quod
770 935 903 1002 eaedem
921 952 1020 1003 voces
1044 934 1141 1001 etde
1164 934 1307 1002 siderum

125 1060 251 1109 occasu
275 1044 309 1108 et
332 1042 373 1109 de
395 1042 558 1109 hominum
581 1044 686 1109 morte
708 1041 743 1109 in
765 1060 828 1109 usu
850 1040 986 1108 luerunt
1000 1041 1055 1109 uel
1074 1043 1184 1108 mutuo
1201 1042 1308 1108 altera

124 1147 268 1216 alterius
291 1148 363 1217 uice
387 1147 544 1234 iungitur.
590 1149 767 1218 Enimvero
799 1146 915 1232 ecquid
944 1146 1111 1231 pulchrius
1142 1150 1195 1214 cst
1221 1167 1305 1214 oom-

125 1254 304 1339 paratione
331 1254 470 1323 hominis
496 1254 665 1322 morientis
696 1275 769 1323 cum
799 1255 907 1323 sidere
937 1254 1100 1322 occidenti
1127 1254 1306 1321 instituta?

125 1382 207 1429 nam
230 1365 268 1430 ut
290 1362 381 1431 sidus
405 1362 539 1446 occidit,
570 1362 590 1431 i
614 1384 641 1431 e.
669 1363 828 1448 mergitur
851 1364 912 1430 sub
934 1363 1076 1446 Oceano,
1099 1382 1162 1444 quo
1186 1362 1307 1429 clarius

125 1473 289 1537 nascatur
311 1473 444 1554 postero
468 1469 537 1554 die,
569 1470 738 1538 sichomo
769 1472 917 1538 mortuus
949 1470 1108 1555 mergitur
1137 1471 1198 1537 sub
1222 1469 1307 1537 Orco

126 1576 203 1644 sive
225 1576 342 1644 inferis
367 1577 409 1645 ad
431 1596 551 1645 novam
573 1577 678 1646 vitem
700 1577 927 1661 incipiendam.

220 1684 452 1768 Disputatione
487 1685 593 1753 adhue
627 1686 788 1769 perducta
820 1685 887 1751 iam
921 1685 1062 1767 aliquem
1096 1687 1308 1766 quaerentem

126 1790 238 1875 audio,
258 1811 419 1874 quaenam
435 1791 503 1859 sint
518 1812 617 1861 voces
632 1792 841 1877 principales,
856 1793 897 1858 de
913 1792 1029 1875 quibus
1046 1792 1190 1876 agatur?
1213 1792 1305 1875 Quod

126 1903 166 1965 ut
191 1899 348 1984 exemplis
363 1900 547 1968 luculenter
561 1900 731 1981 illustrem,
753 1898 902 1967 ultimum
916 1918 1032 1967 numus
1050 1898 1129 1965 milui
1143 1897 1307 1982 proposui.

220 2025 270 2091 Ac
292 2024 430 2108 primum
453 2024 581 2108 quidem
605 2024 675 2092 dico
699 2025 835 2092 verbum

635 2144 811 2231 occidere,

122 2272 224 2341 cuius
247 2272 520 2357 significationem
551 2274 594 2341 ad
625 2274 767 2342 siderum
798 2292 948 2341 occasum
971 2272 1135 2357 respicere
1158 2273 1308 2357 exempla

122 2381 251 2447 (locent
274 2381 372 2449 haec:

176 2488 284 2555 Plaut.
307 2488 391 2556 nun
413 2490 494 2572 prol.
518 2487 577 2556 70:
608 2508 684 2557 uam
714 2491 876 2557 Arcturus
905 2488 1035 2573 signum
1065 2508 1136 2555 sum
1166 2488 1306 2556 omnium

293 2614 510 2678 acemumum,
544 2598 720 2665 vehemens
755 2617 826 2665 sum
861 2596 1028 2679 exoriens,
1066 2614 1162 2682 quom
1195 2595 1307 2663 occido

292 2703 524 2772 vehementior.

178 2808 243 2877 Oia.
273 2812 342 2877 nat.
372 2811 461 2879 deor.
491 2810 526 2877 11
557 2808 638 2877 103:
672 2810 786 2878 eodem
820 2810 914 2878 modo
945 2810 1063 2878 stellae
1094 2811 1243 2878 oriuntur
1272 2813 1307 2878 et

292 2916 454 2986 occidunt.

176 3024 274 3108 Verg.
298 3023 418 3109 Georg.
441 3026 458 3092 I
481 3023 565 3094 218:
593 3028 628 3091 et
651 3044 768 3093 averso
793 3024 913 3093 cedens
937 3023 1029 3091 canis
1052 3022 1171 3091 occidit
1198 3027 1306 3106 astro;

292 3134 326 3198 et
349 3132 481 3216 saepius
505 3131 563 3200 cir.
588 3132 702 3200 Senec.
725 3136 794 3199 nat.
818 3134 945 3215 quaest.
968 3129 1058 3199 120.
1083 3129 1121 3214 43
1148 3132 1167 3198 Ι
1190 3130 1243 3199 25.
1268 3129 1306 3214 5;

220 3345 325 3412 Multo
359 3349 469 3413 autem
502 3346 695 3415 recentioris
730 3346 851 3415 aetatis
886 3348 939 3413 est
973 3348 1106 3412 occidam
1136 3364 1195 3429 pro
1224 3349 1307 3411 mor-i

132 3451 262 3520 dictum.
308 3451 421 3520 Cicero
452 3453 537 3522 enim
567 3456 653 3522 hanc
674 3473 789 3543 uocem
818 3452 940 3537 primus
965 3452 1137 3537 usurpauit
1159 3452 1306 3521 scribens

132 3562 229 3629 'lusa
251 3560 270 3626 I
293 3557 375 3627 109:
702 3542 707 3552 ἱ

249 3690 317 3734 cum
338 3671 404 3735 sure
424 3690 455 3735 ee
479 3668 623 3735 madibus
645 3672 708 3735 vita
731 3671 867 3737 occideres
889 3672 1041 3736 consolari
1057 3676 1166 3754 potest.

131 3772 225 3856 Quae
240 3773 379 3842 elocutio
404 3779 467 3841 vito
491 3776 626 3841 nataae
649 3775 772 3858 statim,
791 3779 827 3843 ui
850 3776 891 3842 de
913 3774 1057 3862 imagine
1079 3774 1197 3841 sideris
1221 3773 1305 3841 occi-

133 3878 242 3947 dentis
265 3880 462 3964 cogitemus,
485 3900 545 3949 nos
568 3881 716 3966 impellit,
746 3901 808 3950 nec
831 3882 928 3950 aliter
949 3899 1009 3948 nos
1033 3879 1142 3948 dicere
1164 3880 1306 3947 solemus

135 4005 209 4069 „am
230 3986 348 4053 Abend
371 3987 430 4055 cles
452 3988 615 4057 Lebens“.

223 4197 249 4265 1)
268 4196 300 4253 Α.
314 4195 461 4253 Kraemer:
481 4198 524 4255 De
538 4197 634 4257 Manili
646 4201 693 4271 qui
705 4200 789 4257 icrtur
800 4199 1022 4256 astronomicis:
1040 4199 1113 4255 inest
1131 4197 1167 4255 de
1183 4199 1306 4268 impera·

132 4284 239 4341 toribus
257 4283 392 4348 Romanis
417 4286 445 4341 in
470 4286 592 4343 siderum
616 4302 764 4345 numerum
790 4288 885 4345 relatis
910 4288 1070 4358 disputatio.
1112 4285 1201 4356 Marp.
1228 4289 1305 4344 1890.

132 4365 210 4425 idem
228 4372 255 4427 in
273 4385 443 4441 programm.
480 4372 609 4432 Frenkoi.
628 4390 652 4432 a.
673 4378 750 4432 1904.
