3142 5059
753 517 975 587 ..02-

276 736 363 784 mum
385 717 463 784 hoc:
493 734 592 784 voces
614 715 735 799 partim
758 735 800 782 ex
822 712 1028 799 philosophia
1045 712 1242 795 manavisse,
1263 710 1394 795 par‘aim,
1415 710 1452 779 id

278 823 363 906 quod
375 842 440 889 non
451 823 588 890 multum
600 822 716 906 diflert,
732 826 872 889 naturae
884 841 957 889 cum
968 819 1255 891 observationibus
1266 820 1452 887 cohaerere.

275 930 316 996 Iu
332 950 443 997 carum
459 928 545 997 enim
559 949 676 998 vocum
692 949 835 1011 numero,
858 948 943 1011 quae
965 932 1004 994 ut
1025 947 1087 996 usa
1109 926 1335 1010 reciperentur
1347 925 1451 1010 philo·

277 1037 393 1121 sophia
414 1036 582 1119 incitavit,
613 1038 712 1106 velim
734 1038 875 1105 colloces
889 1036 1036 1120 ‚primum
1066 1036 1231 1124 defunctae
1254 1042 1295 1104 cd
1318 1032 1369 1121 (er
1391 1035 1452 1101 hat

276 1143 521 1230 ausgerungen)
534 1144 577 1211 id.
589 1164 619 1227 q.
631 1146 753 1211 decessit
767 1146 812 1210 ad
827 1145 996 1211 libertatem
1008 1142 1136 1229 (Stoica
1147 1139 1321 1227 doctrina),
1333 1141 1451 1208 deinde

276 1251 402 1334 copiam
432 1271 544 1319 carum
566 1271 700 1335 vocum,
730 1252 847 1334 quibus
877 1251 960 1319 illud
981 1252 1096 1315 πάντα
1119 1249 1174 1334 ῥεῖ
1200 1248 1298 1335 (alles
1320 1248 1366 1315 ist
1388 1267 1452 1314 nur

276 1358 329 1424 cin
344 1358 503 1426 Kommon
526 1358 593 1426 und
611 1357 742 1444 Geheu)
760 1359 882 1426 -huc
904 1357 1100 1425 referendae
1122 1359 1201 1425 sunt
1221 1360 1270 1423 irc
1292 1359 1327 1423 et
1348 1358 1452 1422 ceddre

166 1504 168 1508 v
276 1484 375 1533 voces
398 1470 466 1531 una
488 1485 560 1532 cum
582 1464 696 1533 formis
720 1466 879 1534 derivatis
898 1503 948 1547 -,
970 1464 1109 1547 denique
1124 1467 1263 1531 animam
1277 1466 1453 1549 catiacum

277 1575 310 1638 ct
333 1573 480 1659 detincat,
504 1572 545 1639 de
568 1572 684 1654 quibus
706 1572 741 1639 in
764 1572 975 1641 antecedenti
997 1571 1107 1655 capite
1129 1570 1279 1639 disserui.

365 1696 418 1763 Ad
441 1698 579 1764 alteram
602 1697 730 1779 quidem
757 1717 851 1765 meae
877 1696 1038 1782 opinionis
1061 1698 1189 1780 partem
1211 1694 1298 1777 quod
1320 1693 1452 1777 attinet,

277 1805 341 1870 huc
369 1806 499 1870 tantum
529 1804 724 1872 referendae
754 1810 833 1872 suut
862 1808 1003 1872 animam
1031 1808 1092 1871 stoc
1110 1806 1257 1890 spiritam
1280 1804 1393 1890 efflare
1416 1804 1452 1867 et

277 1910 363 1977 aliae
386 1910 568 1979 huiusmodi
589 1912 780 1979 locutiones.
826 1912 892 1979 Sed
914 1912 1010 1995 plura
1036 1915 1071 1978 et
1097 1909 1253 1995 graviora
1282 1910 1377 1989 suut,
1407 1908 1452 1974 ad

277 2037 361 2100 quae
383 2037 471 2085 nunc
493 2017 671 2103 disputatio
699 2019 925 2104 progreditur3
955 2018 1027 2086 dico
1055 2036 1154 2087 voees
1186 2017 1233 2084 de
1264 2016 1452 2084 siderum

276 2144 433 2193 occasu
455 2125 585 2209 petitis,
615 2126 659 2193 ad
682 2146 764 2209 quas
787 2125 976 2210 priusquam
1004 2129 1175 2193 transeam
1197 2143 1295 2206 quam
1317 2124 1453 2208 pulchre

275 2232 421 2300 homines
445 2252 517 2300 cum
540 2232 702 2300 sideribus
723 2234 886 2301 interdum
909 2234 944 2300 iu
963 2233 1238 2316 comparationem
1257 2231 1325 2298 sint
1339 2230 1452 2299 vocati

274 2341 310 2405 te
326 2339 498 2408 attendere
519 2340 626 2408 velim.
653 2340 843 2422 Audiamus,
866 2360 951 2423 quae
973 2339 1148 2407 Lucretius
1170 2339 1212 2406 de
1227 2337 1371 2422 Epicuro
1393 2337 1449 2404 illo

276 2445 463 2515 doctissimo
486 2446 678 2531 philosopho
702 2448 794 2531 dixit,
817 2448 870 2514 III
893 2445 996 2514 1040:

404 2570 475 2656 ipse
497 2571 660 2655 Epicurus
684 2573 754 2640 obit
776 2574 914 2641 decurso
936 2573 1057 2641 lumine
1079 2572 1171 2642 vitae

404 2677 460 2759 qui
482 2699 587 2763 genus
609 2681 787 2748 humanum
808 2680 940 2765 ingenio
964 2680 1134 2764 superavit
1156 2683 1191 2746 et
1213 2696 1325 2745 omues

405 2785 568 2870 restinxit,
591 2788 708 2856 stellas
732 2790 866 2856 exortus
889 2790 927 2854 nt
949 2787 1117 2856 aetherius
1140 2786 1199 2855 sol.

275 2910 431 2979 Similiter
454 2911 519 2980 Cio.
542 2916 610 2980 nat.
633 2915 721 2981 deor.
743 2914 779 2980 H
802 2911 845 2980 14
869 2913 1049 2981 exclamat:

404 3056 466 3119 quo
490 3056 576 3105 anno
599 3039 635 3106 P.
661 3038 838 3105 Africanus
861 3039 911 3107 sol
934 3039 1020 3105 alter
1042 3037 1208 3105 extinctus
1231 3039 1293 3105 cst.

274 3143 403 3210 Addam
425 3144 525 3211 etiam
546 3145 653 3213 locum
677 3164 718 3211 ca
741 3144 965 3213 consolatione
993 3146 1036 3213 ad
1058 3144 1187 3214 Liviam
1209 3144 1364 3227 petitum,
1394 3143 1449 3210 ubi

275 3253 441 3318 auctorem
463 3249 625 3319 incertum
648 3251 688 3320 de
711 3253 820 3319 Druso
848 3254 975 3320 mortuo
999 3253 1215 3322 disserentem
1237 3253 1449 3319 observamus

274 3356 331 3439 sic,
354 3378 385 3426 v.
409 3355 473 3425 405
498 3378 584 3442 sqq.:

239 3518 241 3525 ι
341 3482 451 3549 sidera
474 3482 553 3565 quin
576 3484 675 3552 etiam
699 3484 790 3552 caclo
814 3484 941 3570 fugisse
964 3485 1124 3568 feruutur,

340 3588 475 3657 Lucifer
497 3594 533 3658 et
556 3591 671 3659 solitas
696 3592 888 3660 destituisse
910 3593 994 3662 vias.

339 3696 474 3764 Lucifer
494 3697 530 3763 iu
552 3699 623 3766 toto
646 3699 727 3766 nulli
751 3699 933 3783 comparuit
955 3702 1043 3782 orbe,

340 3803 387 3869 ut
409 3804 501 3872 venit
524 3806 623 3873 stella
644 3824 710 3872 uon
733 3810 914 3889 praeeunte
937 3807 1018 3875 dies.

341 3909 464 3978 Sideris
488 3910 548 3997 (sc.
571 3910 686 3997 Drusi)
709 3913 771 3979 hoc
794 3912 916 3979 obitum
940 3914 1039 3981 terris
1061 3913 1188 3981 instare
1211 3915 1373 3995 mouebat

340 4016 387 4082 Et
409 4017 512 4102 mergi
536 4018 655 4104 Stygia
676 4019 785 4087 nobile
808 4019 918 4087 lumen
941 4039 1036 4103 aqua

363 4140 489 4225 Quibus
511 4140 666 4227 perlectis
689 4143 805 4211 mirum
835 4164 909 4213 esse
941 4146 1054 4229 nequit
1082 4148 1118 4213 et
1139 4147 1313 4231 augustea
1336 4146 1447 4212 aetate

273 4251 307 4313 et
339 4251 456 4330 postea
488 4249 703 4333 imperatores
733 4250 858 4319 virtute
892 4253 1120 4337 sapientiaque
1154 4251 1445 4321 excellentissimos

272 4353 308 4419 in
330 4352 473 4422 aidmum
496 4373 665 4424 nnmerum
687 4374 762 4424 esse
785 4358 919 4426 relatos.
957 4360 1031 4427 Hac
1046 4363 1157 4428 antem
1179 4360 1213 4427 in
1235 4380 1273 4428 re
1295 4357 1447 4442 quoniam
