3142 5059
709 500 932 568 ..12-

321 696 493 764 Hactenus
524 696 565 763 de
595 700 675 763 mori
707 699 868 766 vocabulo
900 696 1036 780 eiusque
1064 696 1262 781 compositis.
1312 697 1408 763 Nunc

233 821 329 886 vero,
359 805 474 887 utpote
505 823 577 871 curn
607 823 673 872 non
702 805 805 872 solnm
838 804 1012 874 deverbis
1043 804 1231 873 sedetiam
1261 803 1302 872 de
1331 804 1407 872 sub-

234 910 391 978 stantivis
419 910 589 995 disputare
618 910 696 978 mihi
717 912 919 996 propositum
942 911 1003 993 sit,
1034 910 1229 980 accedamus
1259 911 1302 979 ad
1332 912 1407 980 snb·

234 1016 384 1086 stantiva

694 1390 805 1457 mors,
828 1370 950 1447 letum.

326 1517 527 1585 Perstrinxit
548 1518 631 1593 haec
654 1517 816 1585 vocabula
838 1516 903 1584 iam
918 1517 1133 1584 Hoffmannus
1156 1518 1177 1585 l.
1200 1518 1221 1584 l.
1244 1538 1276 1601 p.
1292 1516 1322 1584 4.
1346 1518 1410 1586 etsi

233 1645 299 1693 non
329 1624 394 1692 nisi
429 1625 542 1709 paucis
573 1623 683 1691 verbis
715 1623 845 1691 dicens:
881 1626 993 1707 „leem
1026 1624 1150 1692 kommt
1183 1624 1253 1692 fast
1287 1627 1408 1693 ebenso

232 1732 345 1817 hdnfig
367 1751 427 1800 vor
450 1731 499 1798 als
523 1754 614 1814 mors,
640 1732 719 1798 aber
741 1730 833 1798 nicht
855 1730 899 1797 im
921 1731 1065 1799 Plural“.

321 1857 419 1925 Hanc
442 1856 705 1925 observationem
728 1876 802 1924 esse
825 1859 950 1923 rectam
973 1856 1151 1925 secundnm
1174 1877 1215 1924 ea
1231 1877 1315 1939 qnae
1337 1857 1409 1940 ipse

235 1963 454 2033 animadverti
487 1964 674 2049 impugnari
707 1963 832 2046 nequit.
887 1963 1045 2031 Attamen
1079 1965 1120 2030 de
1153 1964 1205 2032 his
1239 1964 1409 2033 vocabulis

234 2070 339 2139 denno
363 2071 589 2156 disputaturus
617 2090 685 2138 rem
709 2074 819 2138 actam
842 2089 942 2154 agere
964 2089 1030 2137 non
1053 2070 1185 2155 videar,
1215 2071 1409 2156 praesertim

235 2198 308 2246 cnm
331 2178 565 2259 Ηοιιιιιιιιιιιιι,
597 2197 791 2260 quamquam
814 2178 918 2244 mnlta
941 2178 1091 2262 exempla
1113 2179 1156 2245 ad
1179 2198 1290 2246 eorum
1316 2198 1410 2246 nsnm

232 2285 464 2353 illustrandum
491 2284 741 2369 diligentissime
772 2284 927 2365 contulit,
962 2285 1091 2352 omnino
1125 2304 1191 2352 non
1224 2285 1409 2371 respexerit

234 2392 446 2473 differentias,
470 2392 583 2475 quales
600 2394 735 2459 exstant
749 2391 837 2459 inter
850 2395 1023 2474 utramque
1038 2411 1161 2460 vocem.
1206 2393 1256 2459 Ac
1271 2393 1408 2477 primum

235 2499 321 2583 qnod
343 2497 560 2566 Forcellinins
593 2501 684 2565 latera
715 2497 912 2565 sublimioris
944 2497 1101 2565 orationis
1125 2517 1198 2566 esse
1222 2499 1317 2582 dicit,
1347 2500 1410 2567 hoc

234 2606 407 2674 discrimen
423 2625 487 2673 non
511 2606 646 2672 multum
661 2605 761 2689 valet,
784 2604 937 2688 qnoniam
954 2606 1018 2671 ¹hoc
1039 2604 1193 2673 indicium
1209 2606 1407 2672 solummodo

235 2734 277 2781 ex
298 2712 426 2797 poetico
449 2732 511 2780 usu
535 2711 717 2781 derivatum
741 2714 802 2780 est.
846 2713 894 2778 At
916 2714 1041 2779 certam
1060 2731 1175 2779 ansam
1199 2712 1242 2779 ad
1257 2715 1409 2779 naturam

235 2820 327 2889 vocis
352 2822 444 2887 leura
467 2820 644 2888 eruendam
667 2822 805 2904 praebet
828 2818 1043 2905 etymologia3
1073 2822 1165 2886 letom
1189 2819 1275 2886 enim
1297 2822 1410 2887 natum

237 2931 289 2997 ιιι
312 2948 354 2995 ιιι
377 2928 480 3013 stirpe
503 2931 547 3011 le,
579 2927 665 3011 qnod
697 2929 831 2997 verbnm
861 2927 967 3012 ipsum
997 2926 1032 2993 in
1063 2946 1124 2993 usn
1155 2946 1221 2995 non
1251 2930 1320 3010 est,
1351 2926 1411 2994 sed

235 3037 348 3102 tamen
376 3035 461 3103 latet
490 3036 525 3102 in
548 3037 651 3101 delere
681 3035 869 3119 composito.
913 3034 965 3101 De
995 3034 1046 3100 his
1068 3033 1274 3103 Prisciannm
1303 3053 1409 3119 gram-

236 3142 391 3211 maticum
417 3144 457 3211 V.
480 3140 523 3209 57
554 3143 770 3210 disserentem
801 3141 949 3209 audimus
978 3141 1042 3209 sic:
1073 3149 1145 3207 sunt
1171 3144 1324 3230 poedore
1354 3142 1410 3223 (ac.

236 3251 427 3339 composite),
462 3272 594 3339 quorem
627 3252 780 3337 simplicio
813 3253 849 3315 in
883 3271 940 3317 ase
965 3252 1126 3337 frequenti
1159 3271 1222 3315 nori
1253 3257 1341 3333 aeni,
1375 3256 1410 3314 ert

235 3360 386 3447 desererer,
409 3360 523 3445 repleo,
548 3360 691 3444 compleo,
714 3360 849 3444 suppleo,
877 3358 968 3442 deleo,
992 3359 1080 3438 releo,
1105 3357 1248 3444 defendo,
1273 3357 1407 3442 offendo,

237 3469 378 3553 respicio,
408 3467 535 3551 cepido,
564 3466 707 3550 ampicio,
737 3466 878 3551 despicio.
931 3464 1020 3544 Quod
1047 3471 1148 3529 autem
1177 3463 1410 3529 rationabiliter

234 3574 385 3659 simplicia
414 3594 529 3659 peopee
557 3572 670 3637 liorem
694 3580 823 3659 poseant
852 3572 929 3652 elici,
963 3572 1123 3636 comdant
1152 3573 1280 3636 neniae
1311 3590 1347 3633 ee
1369 3571 1409 3633 iia

235 3687 317 3750 aete.
373 3681 489 3746 Pleaue
517 3681 606 3767 peace
635 3701 656 3743 e
681 3680 753 3766 pleo
783 3678 895 3761 eerbc;
926 3677 1019 3743 leem
1049 3680 1137 3764 pueri
1171 3699 1192 3741 e
1224 3673 1288 3742 ‘leo'
1318 3676 1410 3742 cerlo

236 3784 376 3853 e‘leor.

326 3912 419 3977 elem
441 3910 544 3994 igitur
567 3909 733 3996 significat
760 3911 799 3976 nt
821 3909 998 3977 vernaculo
1030 3924 1179 3974 sermone
1209 3910 1286 3974 ntar
1311 3909 1411 3992 „Ver-

235 4017 414 4102 nichtnng“
446 4017 481 4084 id
511 4020 563 4084 est
595 4017 743 4101 „modum
766 4018 801 4082 et
832 4014 993 4083 actionem
1016 4014 1201 4097 moriendd,
1234 4033 1306 4081 cnm
1328 4038 1412 4081 moro

236 4124 436 4209 generaliter
452 4124 656 4207 adhibeatur,
680 4142 741 4191 nec
757 4122 846 4190 aliud
869 4121 934 4189 nisi
949 4123 1073 4189 statum
1095 4121 1214 4188 mortni
1229 4121 1412 4206 perfectum

236 4229 401 4318 (Znstand
431 4231 489 4298 des
512 4227 680 4314 Totseins)
712 4230 887 4315 significat.
912 4229 1027 4313 -Qnod
1057 4228 1100 4295 ad
1123 4228 1411 4296 demonstrandum

235 4337 408 4407 nonnullos
430 4337 520 4404 locos
544 4336 682 4405 colloco:
