3142 5059
736 479 958 547 -16-

348 678 418 746 Nec
433 677 673 763 significatione
688 698 750 748 uec
765 678 1000 762 compositione
1016 698 1042 745 n·
1054 680 1160 765 perire
1175 674 1285 743 diflert
1299 675 1433 744 verbum

260 788 406 868 intem&
427 785 539 868 itaque
555 805 610 853 res
634 786 675 853 de
697 790 826 853 interire
840 787 942 853 verbo
967 787 1045 853 acte
1060 803 1134 851 esse
1158 784 1312 852 videatur
1333 782 1384 849 ite
1398 786 1435 849 ut

260 892 355 976 plura
378 892 500 959 addere
523 912 587 960 non
611 912 692 977 opus
716 893 769 960 sit.
808 893 966 959 Attamen
988 894 1026 959 ut
1049 890 1235 959 accuratius
1254 891 1294 957 de
1310 893 1436 956 interire

259 1000 419 1069 uocabulo
443 998 614 1084 disputem,
639 999 885 1069 Doederleiuius
909 1019 960 1067 me
982 999 1118 1083 impulit,
1142 998 1197 1081 qui
1211 998 1264 1066 vir
1286 996 1435 1066 doctissi-

260 1125 332 1173 mus
348 1106 424 1173 olim
438 1106 473 1173 iu
488 1106 571 1173 libro
593 1106 648 1189 qui
667 1106 858 1175 inscribitur
872 1107 948 1174 Lat.
964 1106 1151 1190 Synonyme
1166 1108 1234 1173 tom
1248 1105 1309 1173 III.
1324 1125 1354 1188 p.
1371 1101 1413 1170 17
1415 1101 1435 1170 7

261 1212 417 1280 disseruit
445 1215 544 1281 haec:
578 1214 705 1299 „perire
736 1215 830 1281 stellt
860 1213 924 1281 deu
951 1213 1021 1301 Tod
1052 1213 1103 1280 uls
1133 1212 1207 1279 eine
1233 1213 1437 1295 Zerstorung

260 1318 328 1388 und
350 1321 568 1404 Venderbuis,
598 1321 733 1388 interire
757 1322 838 1387 eber
861 1320 911 1387 cls
935 1319 989 1387 eiu
1011 1318 1269 1387 Verschwindeu
1291 1319 1369 1400 dur,
1399 1337 1436 1385 so

261 1427 339 1495 dass
363 1447 471 1513 geunu
494 1447 686 1513 genommen
705 1429 799 1513 jeues
827 1428 918 1494 mehr
946 1426 1010 1494 den
1031 1426 1176 1510 Korper,
1207 1424 1316 1492 dieses
1345 1425 1436 1492 mehr
1563 1495 1564 1514 ,

261 1534 314 1601 die
338 1534 432 1602 Seelc
456 1534 609 1619 angoht.“

349 1676 599 1746 Doederleinius
632 1678 704 1746 loco
735 1698 777 1745 eu
806 1679 925 1746 Plauto
957 1678 1058 1744 elicto
1088 1676 1221 1759 nititur,
1255 1696 1350 1760 quem
1382 1675 1436 1743 hic

262 1782 412 1851 efferum:
447 1784 554 1851 Plnut.
586 1784 679 1869 Oapt.
710 1782 865 1851 ooo-94
903 1786 979 1870 Ty.:
1017 1788 1073 1873 qui
1100 1806 1158 1871 per
1186 1787 1329 1851 damen
1352 1786 1437 1871 perit

261 1914 326 1957 non
347 1894 463 1957 interit.
510 1892 612 1976 Hep:
644 1894 768 1979 qomodo
793 1915 846 1979 epo
876 1900 904 1958 io
925 1893 1072 1977 exemplis
1089 1894 1237 1976 pecarnis
1259 1893 1435 1957 cncoiaoero

262 2006 351 2085 atquc
375 1999 411 2064 ob
432 2000 546 2065 sutelas
569 2006 637 2065 tuoe
660 2006 687 2065 te
716 2002 811 2064 morti
832 2001 944 2065 misero
966 1999 1014 2064 ccl
1035 2001 1221 2064 trieteride
1243 2000 1291 2064 oet
1313 2001 1437 2083 per-iim

260 2106 446 2190 praedicent.

351 2247 417 2315 Sed
446 2249 484 2314 ut
513 2250 643 2315 taceam
673 2248 715 2315 dc
745 2266 794 2328 co,
825 2246 912 2329 quod
940 2247 1003 2315 hoc
1031 2246 1255 2314 Doederleinii
1283 2246 1437 2315 iudicium

262 2354 357 2421 nimis
382 2353 592 2422 artificiosum
616 2353 777 2436 videatur,
801 2373 863 2440 ego
886 2354 955 2422 tcle
979 2354 1153 2422 discrimen
1175 2374 1218 2421 ex
1240 2355 1342 2421 ulleto
1365 2354 1437 2421 loco

262 2461 390 2529 omnino
402 2481 468 2529 non
484 2461 870 2546 eruercpossum31mm0
886 2461 1014 2531 animus
1028 2480 1120 2529 meus
1133 2481 1171 2529 eo
1183 2461 1331 2543 inclinet,
1346 2463 1384 2529 ut
1395 2480 1438 2529 ex

261 2570 416 2636 hocloco
439 2588 506 2637 nou
527 2569 634 2637 minus
657 2588 752 2652 quum
777 2590 819 2637 ex
843 2568 990 2637 omnibus
1014 2568 1277 2652 reliquis,.qune
1298 2567 1438 2653 inspexi,

262 2676 419 2761 exemplis
428 2680 534 2763 perire
548 2680 582 2744 et
596 2681 726 2744 interire
739 2677 828 2745 inter
850 2697 887 2745 se
910 2677 1109 2745 concordare
1132 2676 1339 2759 concludam,
1361 2696 1437 2744 num

263 2802 380 2853 seusus
403 2785 471 2853 est:
503 2784 558 2867 qui
580 2804 640 2868 per
662 2784 819 2854 virtutem
844 2788 944 2873 perit,
976 2804 1042 2851 non
1064 2787 1156 2873 perit.
1209 2783 1359 2851 Ceterum
1390 2782 1437 2851 di·

262 2890 448 2960 stinctionis
471 2894 564 2959 certa
586 2891 709 2961 indicio
730 2894 768 2959 ut
789 2892 1000 2976 indagemus,
1030 2891 1250 2975 exemplorum
1273 2890 1367 2975 copia
1388 2890 1436 2957 iu·

263 2998 432 3082 spiciendo
454 3002 514 3082 est,
542 3019 607 3082 que
628 2999 664 3067 in
686 3018 723 3066 re
745 2998 779 3066 id
802 2998 947 3068 fortasse
970 3000 1167 3067 observatur
1188 3001 1315 3065 interire
1336 2998 1437 3065 inter-

262 3104 339 3172 dum
361 3104 516 3173 maiorem
538 3106 606 3175 vim
635 3106 767 3183 hebere.
815 3105 910 3190 Quod
940 3106 982 3172 ed
1011 3104 1242 3173 illustrandum
1264 3104 1438 3173 nonnullos

261 3212 351 3279 locos
374 3212 507 3281 colloco.

465 3444 618 3512 interire:
1094 3435 1219 3529 perire:

262 3568 370 3637 Plcut
390 3567 471 3636 cist.
493 3566 575 3636 626:
602 3569 724 3639 satiust
745 3571 825 3638 mihi
877 3569 986 3636 Plaut.
1007 3571 1091 3653 cept
1107 3567 1189 3637 693:
1212 3569 1289 3635 dum
1309 3585 1437 3651 pereas,

308 3674 423 3758 quovis
447 3675 547 3742 exitio
570 3675 716 3744 interire.
837 3693 839 3699 ’
922 3674 1003 3742 nihil
1026 3675 1119 3742 aient
1140 3674 1262 3743 vivere.

261 3781 343 3864 Nep.
367 3781 407 3848 de
429 3801 498 3867 reg.
522 3779 582 3848 22:
611 3784 759 3868 Pyrrhus
789 3784 824 3850 in
877 3781 957 3866 Nep.
979 3782 1074 3849 Eum.
1097 3779 1127 3847 7.
1150 3778 1188 3847 5:
1215 3779 1321 3847 setius
1344 3779 1438 3848 duxit

256 3940 261 3949 .
306 3889 531 3982 Peloponneso
580 3888 691 3973 lepide
737 3889 824 3957 ictus
921 3888 1030 3971 perire
1038 3885 1437 3970 quomingretumvivcre.

306 3994 430 4063 interit.
879 3993 968 4061 Suet.
996 3992 1107 4062 Vitell.
1137 3990 1294 4061 23:111
1324 3994 1438 4061 eudem

262 4100 343 4184 Nep.
369 4100 508 4170 Humilc.
535 4099 565 4170 4.
589 4101 626 4169 3:
656 4100 825 4170 Hannibal
923 4098 1073 4168 custodie
1094 4100 1205 4168 morbo
1227 4100 1336 4185 periit.

308 4207 450 4275 assiduis
471 4208 576 4292 petris
596 4208 825 4277 obtestationi·
879 4206 992 4275 Sencc.
1025 4227 1075 4292 ep.
1105 4206 1137 4275 4.
1167 4208 1205 4275 8:
1239 4226 1438 4293 recognosce

307 4315 369 4382 bus
400 4333 438 4382 eo
474 4317 526 4381 est
560 4314 753 4397 perductus,
787 4316 825 4381 ut
922 4315 1204 4399 exemplseomm,
1219 4312 1439 4395 quidomesti·
