3142 5059
590 508 809 575 „21-

197 704 301 789 Quam
329 704 492 788 propriam
523 704 796 787 significationem
818 703 913 774 verbi
944 704 973 770 si
1002 701 1282 787 perpenderimus,

107 810 258 877 altiorem
279 813 314 877 et
336 810 377 877 de
393 810 484 878 vitae
506 810 612 893 pretio
635 811 833 880 severiorem
858 810 1040 892 opinionem
1059 812 1196 877 subesse
1211 808 1286 876 voci

106 918 239 1005 depfoopi
262 937 357 999 quam
381 917 439 984 ulli
463 917 519 983 alii
542 937 600 999 pro
628 922 710 983 mori
739 920 920 999 usurpatae
950 916 1119 998 dilucebit,
1149 935 1211 983 noc
1237 916 1285 982 iu-

107 1023 274 1090 commode
294 1043 366 1089 cum
381 1023 545 1091 locutione
562 1026 722 1111 dqooaos
737 1033 779 1089 cst
795 1024 967 1090 concinere
990 1026 1122 1089 statuas
1144 1023 1178 1090 id
1201 1024 1287 1106 quod

105 1149 168 1197 uos
192 1130 345 1197 dicimus:
372 1150 426 1215 „er
448 1132 508 1197 hat
531 1131 707 1212 vollendet,
730 1150 766 1197 er
789 1132 848 1198 hat
872 1129 1131 1215 ausgerungen.“
1142 1125 1169 1214 1)

197 1237 287 1319 Ergo
309 1237 476 1304 luctantes
508 1236 603 1319 quasi
633 1238 889 1318 laborantesque
918 1236 1075 1303 mortales
1103 1234 1287 1318 pervitam

106 1343 250 1428 migrare
279 1346 453 1427 putantur,
485 1343 576 1411 cuius
607 1344 747 1410 miseriis
780 1342 1009 1425 aerumnisque
1031 1361 1118 1409 mors
1141 1340 1287 1407 homines

105 1452 206 1518 levat.
252 1454 360 1532 Atque
384 1454 540 1533 quantum
565 1469 646 1517 onus
669 1450 826 1518 Romanis
850 1450 925 1518 visa
948 1450 993 1516 sit
1015 1448 1101 1529 vita,
1131 1447 1286 1531 exemplis

107 1560 266 1640 probatur
288 1558 356 1640 his3
378 1558 534 1640 leguntur
558 1558 643 1624 enim
665 1557 699 1623 iu
722 1558 846 1625 titulis:

154 1666 191 1731 B.
215 1662 296 1729 460:
319 1665 406 1729 hauc
429 1664 540 1729 sedem
562 1664 660 1745 longo
684 1664 809 1745 placuit
832 1684 965 1731 sacrare
988 1662 1103 1731 labori.

153 1770 191 1835 B.
216 1768 296 1835 507:
320 1787 427 1851 poena
450 1768 513 1834 fuit
537 1768 617 1850 vita,
640 1769 769 1849 requies
793 1770 871 1835 mibi
893 1774 996 1836 morte
1019 1773 1138 1853 parata
1161 1772 1224 1836 est.

155 1875 193 1941 B.
217 1873 298 1942 946:
322 1874 492 1958 multiplici
516 1895 595 1941 cura
619 1874 769 1942 defessus
793 1893 880 1941 nuuc
904 1894 1038 1942 securus
1062 1876 1204 1957 quiesco.

156 1981 188 2048 0.
211 1982 237 2048 I.
260 1982 297 2049 L.
314 1983 370 2049 VI.
395 1980 516 2049 10251.
534 2002 569 2048 a:
594 1981 768 2063 aliquando
794 2001 928 2048 securus
953 2001 1033 2048 sum.

154 2089 188 2155 O.
211 2090 237 2155 I.
261 2090 382 2156 L.111.
406 2088 489 2155 276;
512 2089 689 2170 requiescit
713 2090 754 2155 ab
778 2088 929 2155 humanis
953 2087 1235 2155 sollicitudinibus.

198 2196 316 2277 Itaque
346 2196 381 2261 iu
412 2196 518 2264 titulis
547 2214 613 2262 non
638 2195 751 2279 paucis
776 2195 966 2262 defunctum
989 2195 1175 2277 loquentem
1199 2194 1289 2260 audi-

110 2321 180 2368 mus
205 2303 269 2369 sio:
1146 2326 1149 2332 >

154 2408 191 2473 B.
217 2408 298 2475 145:
322 2408 424 2475 nolite
448 2409 559 2476 dolere
582 2411 736 2479 eventum
759 2428 882 2491 meum,

110 2532 192 2596 quac
216 2517 320 2582 verba
341 2515 481 2582 redeunt
504 2516 537 2583 O.
561 2517 587 2583 Ι.
610 2517 647 2583 L.
665 2517 722 2583 VI.
746 2514 844 2583 8023.
869 2513 987 2581 17196.
1011 2512 1107 2581 6932.
1153 2516 1288 2579 Euentus

105 2620 208 2705 igitur
240 2622 275 2689 in
302 2623 420 2689 bonam
444 2625 571 2705 partem
595 2622 819 2707 accipiendum
843 2622 936 2705 quasi
959 2621 1100 2705 pretium
1123 2622 1209 2703 quod
1232 2620 1287 2688 de-

103 2728 217 2795 functi
241 2728 414 2813 accipiant.

195 2835 267 2901 Sed
289 2838 326 2900 ut
350 2836 392 2901 ad
417 2836 551 2902 verbum
573 2835 679 2919 ipsum
701 2838 885 2917 transeam,
913 2837 977 2902 bae
1000 2838 1070 2903 tros
1092 2835 1217 2903 formae
1239 2835 1288 2902 iu·

110 2940 301 3008 veniuntur:
325 2942 464 3029 doJ‘ooqi,
478 2944 639 3029 perfoopi,
651 2944 768 3030 scopi,
784 2962 889 3026 neque
906 2943 1077 3025 quicquam
1093 2941 1288 3010 discriminis

108 3048 143 3115 in
173 3047 414 3133 significatione
443 3050 531 3116 inter
562 3070 602 3117 ea
633 3049 915 3118 animadvertitur.
960 3052 1082 3118 Verum
1109 3050 1289 3117 notandum

107 3157 190 3223 baec
204 3158 311 3223 verba
334 3176 435 3224 aurea
457 3157 492 3223 in
514 3156 683 3224 latinitate
707 3156 791 3225 satis
814 3178 890 3224 raro
914 3177 1085 3225 occurrere
1108 3176 1170 3225 nec
1192 3157 1289 3224 aliter

110 3264 174 3331 nisi
204 3283 277 3330 cum
308 3264 516 3333 substantivo
549 3264 656 3346 aliquo
688 3264 811 3332 iuncta.
862 3265 1150 3332 Substantivorum
1178 3266 1288 3331 autem

113 3393 154 3439 ex
176 3390 318 3454 numero,
342 3391 426 3456 quae
450 3372 607 3440 accedere
631 3372 748 3453 solent,
771 3374 947 3457 praecipue
970 3375 1053 3440 haec
1076 3376 1169 3441 sunt:

400 3503 493 3562 mors,
520 3484 593 3563 otto,
612 3481 733 3568 fotum,
758 3503 874 3566 omum,
898 3490 991 3549 actos

200 3603 235 3691 a)
260 3605 389 3674 accedit
411 3609 474 3672 otto

157 3729 215 3797 cfr.
237 3731 336 3815 Verg.
364 3730 477 3815 Georg
498 3730 555 3797 iv.
579 3728 660 3797 475:
691 3733 814 3797 matres
846 3733 946 3813 atquc
972 3729 1037 3798 viri
1066 3729 1288 3810 defunctaque

272 3856 409 3921 corpora
431 3837 502 3905 vita
524 3838 757 3922 magnanimum
780 3839 931 3919 heroum,
954 3836 1041 3903 redit
1063 3838 1145 3903 haec
1166 3835 1288 3903 locutio

270 3946 344 4012 Aen
368 3944 424 4011 VI.
449 3941 523 4011 306.

199 4166 226 4237 1)
245 4165 355 4223 Eadem
379 4165 473 4234 opinio
500 4165 599 4221 subest
620 4177 742 4231 graecae
761 4164 830 4220 voci
847 4157 1009 4238 καμόντες
1031 4163 1078 4221 vel
1096 4158 1289 4245 κεκμηκότες

109 4268 159 4323 pro
172 4256 284 4314 mortui
296 4255 445 4313 adhibitae.
477 4253 526 4312 cir.
540 4254 594 4311 Od.
607 4257 650 4309 24.
664 4257 706 4312 14.
735 4244 825 4312 ’ἔνθα
841 4250 1009 4310 caraman
1025 4246 1145 4331 ψυχαὶ,
1167 4244 1288 4310 εἴδωλα

108 4340 290 4421 καμόντων.
328 4346 399 4402 item
418 4342 446 4400 ll.
465 4346 491 4400 3.
510 4346 571 4401 278.
608 4343 698 4415 Eurip.
718 4341 817 4415 suppl.
837 4344 898 4399 756.
