3142 5059
742 505 964 581 -50-

264 713 328 799 Qui
365 713 585 797 exemplorum
626 732 779 781 numerus
816 712 852 778 in
880 712 1073 779 immensum
1110 710 1210 778 etiam
1251 714 1441 796 augeretur,

265 819 294 888 si
316 820 538 888 'l'acitinerum
561 819 686 903 copiam
709 819 869 887 afferrem

353 945 520 1013 Vocabulc
544 948 642 1011 esdra
665 943 774 1025 affine,
796 943 831 1011 id
854 947 907 1011 est
929 963 971 1010 ex
994 943 1109 1011 eadem
1131 941 1234 1025 stirpe
1257 942 1444 1012 derivatum

265 1055 319 1119 est
341 1055 476 1135 esitium,
508 1070 614 1134 neque
638 1051 735 1133 aliud,
766 1054 924 1134 quantum
947 1049 1024 1131 ridi,
1046 1047 1188 1116 interest
1209 1049 1296 1118 inter
1319 1051 1443 1116 utram-

265 1178 327 1241 que
350 1178 477 1241 recem,
507 1158 572 1225 nisi
599 1158 686 1240 quod
709 1160 838 1223 emitum
867 1156 1023 1224 maiorem
1052 1155 1118 1225 vim
1148 1157 1272 1224 habere
1294 1156 1444 1239 ridetur3
1560 1221 1561 1224 ,

263 1270 438 1349 praeterea
460 1268 585 1332 mltum
606 1265 640 1331 iu
657 1264 884 1347 antiquissime
901 1265 1057 1331 thesauro
1072 1262 1250 1331 latinitatis
1265 1263 1445 1345 invenitur,

264 1376 362 1439 cadus
372 1372 488 1439 minus.
512 1372 606 1455 Quod
621 1375 659 1438 ut
674 1391 771 1454 quam
785 1369 980 1439 brevissime
995 1369 1157 1438 illustrem
1171 1370 1329 1454 inspicias
1344 1372 1443 1437 haec:

308 1497 416 1563 Plaut.
440 1495 519 1564 eisc
542 1493 625 1562 662:
645 1499 756 1563 satiust
777 1498 857 1562 milri
877 1499 984 1583 paoem
1007 1498 1097 1562 audio
1121 1498 1266 1578 inicam

309 1622 416 1689 Plaut.
440 1622 560 1689 Bacch.
585 1618 688 1687 1094:
718 1624 825 1688 omnic
855 1643 902 1687 mc
931 1623 1018 1687 mala
1045 1628 1270 1704 comeduntur,
1303 1622 1445 1688 omnibus

425 1731 523 1795 audies
545 1731 649 1794 intumi
671 1766 713 1778 -
737 1728 872 1812 expedit
893 1728 1054 1796 adnotare
1084 1728 1210 1794 duobus
1239 1727 1320 1794 locis
1348 1728 1445 1794 modo

426 1834 537 1902 allatis
561 1838 688 1901 exilium
709 1834 805 1902 iuxta
826 1838 964 1919 interire,
988 1834 1075 1917 qued
1098 1834 1141 1901 ad
1163 1833 1229 1902 rim
1251 1835 1445 1918 pronuntia·

425 1941 525 2009 tionis
557 1942 742 2027 augendam
768 1940 918 2010 adhiberi
948 1941 1013 2008 iam
1043 1960 1145 2025 supra
1174 1961 1206 2024 p.
1237 1938 1280 2006 16
1311 1940 1444 2008 demon·
1562 1921 1563 2002 J

427 2048 542 2131 stravi,
566 2053 655 2117 certe
678 2069 743 2117 uon
767 2050 840 2116 sine
863 2068 966 2117 causa
988 2048 1130 2132 pesitum
1152 2068 1227 2117 esse
1249 2073 1311 2132 —;

308 2174 418 2241 Plaul.
440 2174 515 2241 Aul.
538 2194 570 2242 v.
592 2172 675 2243 275:
701 2196 785 2242 nunc
806 2175 893 2241 notis
910 2196 1011 2262 prope
1032 2175 1118 2239 adest
1140 2176 1266 2239 mitium
1288 2208 1331 2219 —
1354 2172 1444 2256 pesi-

426 2285 497 2347 tum
512 2285 573 2365 est,
597 2285 634 2348 ut
649 2280 714 2351 vim
730 2280 980 2349 exclamationis
996 2283 1160 2365 augeatur
1178 2306 1236 2364 —;
1250 2283 1286 2346 et
1300 2280 1444 2364 saepius.
1563 2311 1564 2316 ¹

354 2407 473 2488 Itaque
489 2404 672 2488 discrimen,
694 2406 782 2489 qued
797 2408 910 2474 exstat
931 2405 1020 2473 inter
1035 2409 1162 2472 mium
1184 2410 1219 2473 et
1240 2409 1345 2489 caitus,
1368 2425 1443 2489 prc-

265 2512 424 2597 pcrticnis
455 2511 595 2581 formula
625 2512 654 2581 si
684 2512 756 2596 quis
788 2514 1014 2581 demonstrare
1045 2513 1161 2596 vellet,
1195 2515 1278 2581 haec
1307 2512 1445 2580 fermari

264 2622 379 2704 posset
400 2619 466 2687 sic:

667 2691 776 2760 exitus
819 2767 864 2780 -
907 2692 1016 2775 perire

640 2782 802 2869 'effi
818 2797 863 2810 “
881 2784 1051 2868 Μ·

353 2941 475 3010 Restat
496 2945 535 3009 ut
557 2942 598 3010 de
621 2942 831 3011 substantive
853 2939 1028 3016 transitus
1048 2962 1156 3027 pauca
1171 2943 1306 3026 addam;
1328 2962 1444 3012 verum

265 3051 376 3114 tamen
398 3048 434 3114 in
456 3049 612 3134 exemplis
637 3049 902 3117 antecedentium
924 3069 1040 3119 vocum
1066 3049 1242 3117 afferendis
1265 3069 1339 3117 cum
1361 3049 1444 3117 locis

264 3153 475 3238 abundarem,
490 3175 577 3223 nunc
591 3159 721 3224 tantum
735 3176 836 3225 unum
850 3158 966 3240 habeo,
982 3176 1076 3241 quem
1092 3157 1226 3240 addam;
1248 3156 1309 3225 cir.
1326 3157 1442 3225 Senec.

266 3280 315 3345 ep.
332 3258 384 3328 14.
399 3259 457 3329 24;
479 3285 565 3329 mers
586 3265 662 3352 quid
684 3266 745 3331 est?
768 3270 823 3329 aut
839 3264 921 3350 fiais
943 3272 999 3331 arc
1021 3267 1179 3331 travectus.
1218 3264 1321 3348 Quem
1335 3264 1443 3331 lecum

266 3387 316 3435 me
336 3366 521 3452 repperisse
543 3368 689 3453 gaudem
712 3389 789 3437 uam
811 3371 1006 3439 vccabulum
1027 3370 1115 3455 apud
1137 3370 1316 3455 scriptores
1338 3371 1443 3438 eccle-

266 3472 419 3543 siastices
451 3478 486 3542 et
513 3474 549 3543 iu
575 3475 681 3545 titulis
705 3477 894 3545 christianis
919 3477 1052 3560 saepius
1075 3497 1248 3545 occurrere
1271 3496 1343 3545 cum
1367 3496 1441 3544 ccu-

266 3583 343 3663 stet‚
367 3580 525 3649 Senecam
546 3582 684 3666 primum
707 3588 858 3651 transitus
880 3584 993 3653 eodem
1017 3603 1116 3653 seusu
1140 3583 1329 3653 adhibuisse
1357 3583 1441 3666 qued

265 3685 406 3755 sciamus
429 3686 638 3756 iniucundum
661 3709 726 3758 non
749 3709 824 3759 esse
846 3693 967 3774 petest.

354 3794 426 3861 Iam
456 3795 500 3861 ad
530 3794 628 3863 finem
657 3798 867 3881 pervenimus
896 3797 932 3863 in
959 3796 1219 3881 interpretandis
1242 3796 1378 3865 vecibus
1401 3816 1441 3863 ex

266 3899 369 3982 stlrpe
391 3903 437 3966 irc
459 3900 618 3985 ieiunatis,
646 3921 709 3971 nec
730 3904 830 3971 ullam
853 3922 905 3970 me
928 3903 1116 3987 neglexisse
1137 3916 1227 3986 pute.

354 4024 481 4093 Eadem
510 4028 620 4093 autem
649 4026 779 4095 ratione
810 4030 910 4110 atque
938 4029 987 4093 ire
1016 4026 1118 4111 stirps
1148 4028 1251 4093 redae
1281 4064 1321 4075 —
1353 4026 1441 4093 inest

266 4128 352 4197 enim
366 4130 431 4215 ipsi
446 4151 573 4215 queque
588 4136 702 4216 tmpus
715 4133 878 4219 migrandi
890 4170 931 4180 -
948 4136 1115 4215 tamquam
1131 4134 1217 4201 alter
1232 4132 1307 4199 fons
1323 4133 1440 4213 evasit,

265 4256 307 4303 ex
331 4256 396 4319 qua
424 4238 560 4307 tetidem
590 4238 661 4307 iere
687 4259 795 4309 nouae
817 4258 916 4308 voces
938 4238 1024 4307 idem
1048 4260 1088 4308 ac
1109 4244 1193 4306 mori
1214 4238 1439 4324 significantes

266 4341 439 4412 fluxerunt
483 4345 626 4413 Primum
655 4349 693 4412 ut
721 4348 768 4412 ire
798 4346 933 4414 verbum
963 4346 1102 4431 simplex
1131 4345 1181 4429 ita
1209 4345 1312 4413 etiam
1341 4349 1441 4413 eadm
