3142 5059
597 477 818 547 ..59-

163 674 308 743 Macrob.
342 673 450 743 Somn.
482 674 568 760 Scip.
601 676 619 743 1
654 672 713 743 14:
747 677 925 743 Haedina
956 677 1102 764 ptpnna
1137 674 1292 761 (animam

280 778 377 956 ffllxitI)
395 785 573 974 {Quam
594 785 729 851 atellanis
752 786 902 850 essentiae.
948 782 1026 850 item
1050 782 1206 851 Thamiat.
1251 783 1292 851 de

119 1014 300 1081 Praetmea
329 1014 487 1081 nonnulla
520 1014 682 1082 Heracliti
716 1015 905 1100 fragmenta
937 1014 1119 1098 proferam:
1154 1013 1217 1097 irg.
1240 1013 1284 1080 26

119 1117 183 1206 (od.
207 1119 386 1206 Dielsius):

281 1225 462 1313 ἅνθρωπος
478 1227 515 1293 ἐν
526 1226 685 1314 εὐφρόνηι
700 1226 789 1313 φάος
806 1222 952 1292 ἅπτεται
967 1226 1086 1292 invene
1101 1225 1292 1291 ἀποθανών

281 1333 534 1420 ἀποσβεσθείη
565 1355 648 1418 quae
680 1337 783 1404 verba
806 1336 915 1402 Zeller
945 1336 966 1403 l.
988 1336 1009 1402 l.
1040 1334 1160 1418 optima
1190 1333 1293 1402 vertit

279 1442 344 1510 sic:
378 1444 465 1526 „Der
487 1444 624 1511 Mansch
655 1443 834 1510 entziindet
864 1442 935 1511 sich
964 1442 1027 1511 wie
1058 1442 1111 1509 ein
1133 1441 1232 1509 Licht
1258 1441 1293 1508 in

280 1549 339 1616 dor
360 1550 469 1616 Nacht
491 1550 558 1617 und
582 1550 733 1633 arliacht,
757 1570 854 1618 wenn
877 1571 914 1617 er
936 1550 1074 1633 stirbt“;
1102 1549 1206 1616 addas
1228 1547 1292 1632 frg.

278 1657 370 1741 Byw.
394 1655 437 1723 74
460 1655 618 1744 (Dielsius
643 1654 740 1741 113):

331 1776 410 1867 αὕη
433 1778 546 1867 ψυχὴ
571 1779 802 1867 σοφωτάτη
826 1780 897 1844 καὶ
920 1779 1078 1868 ἀρίστη

116 1904 330 1991 (adiectivum
354 1903 417 1993 aliq
442 1902 513 1994 [lat.
537 1904 609 1993 uro]
633 1906 752 1973 iterum
782 1906 918 1990 respicit
941 1905 984 1972 ad
1006 1905 1137 1990 igneam
1161 1906 1291 1974 animae

115 2010 313 2098 materiam).

206 2155 331 2240 Quodsi
354 2155 426 2238 quis
457 2157 652 2239 obloquatur
682 2155 794 2223 dicens
826 2157 944 2239 postea
974 2157 1104 2222 tantum
1129 2155 1195 2222 iam
1225 2175 1290 2221 non

114 2263 263 2331 valuisse
285 2262 447 2330 Heracliti
477 2262 732 2347 philosophiam,
763 2282 905 2347 provoco
929 2263 972 2329 ad
995 2262 1140 2342 Stoicoa
1172 2263 1227 2345 qui
1250 2263 1291 2329 de

115 2370 245 2437 animae
283 2372 404 2437 natura
441 2370 527 2437 idem
563 2370 720 2454 placitum
756 2373 969 2454 receperunt3
1005 2369 1162 2453 inspicias
1195 2369 1290 2454 Diog.

115 2478 229 2547 Lacrt.
252 2477 286 2543 in
308 2476 381 2545 vita
402 2478 545 2544 Zenonis
569 2476 651 2545 157:

277 2601 393 2687 Ζήνων
429 2600 467 2668 δὲ
500 2603 517 2667 ὁ
551 2604 679 2678 Κιτιεὺς
712 2602 768 2667 καὶ
796 2602 1008 2689 Ἀντίπατρος
1039 2599 1075 2667 ἒν
1108 2604 1178 2676 τοῖς
1213 2602 1291 2689 περὶ

277 2712 386 2795 ψυχῆς
415 2709 472 2773 καὶ
498 2710 723 2783 Ποσειδώνιος
754 2712 888 2793 πνεῦμα
918 2705 1084 2793 ἔνθερμον
1115 2700 1200 2773 εἶναι
1229 2708 1291 2795 τὴν

276 2817 400 2904 ψυχήν.
421 2815 528 2899 τούτῳ
545 2815 607 2900 γὰρ
624 2814 712 2900 ἡμᾶς
731 2806 816 2880 εἶναι
832 2814 999 2898 apuniana
1013 2816 1069 2880 ani
1084 2814 1153 2880 ὑπὸ
1169 2815 1290 2880 τούτου

276 2926 445 2989 κινεῖσθαι
546 2921 721 3011 Κλεάνθης
749 2922 813 3006 μὲν
844 2914 902 2988 οὖν
932 2920 1048 2997 πάσας
1079 2921 1139 3008 (ac.
1162 2920 1289 3008 ψυχὰς)

278 3030 504 3115 ἐπιδιαμένειν
532 3030 629 3115 μέχρι
658 3032 718 3114 τῆς
749 3026 962 3115 ἐκπυρώσεως
992 3028 1064 3117 (lac.
1088 3026 1289 3114 exstinctio).

161 3157 306 3224 Macrob.
327 3156 434 3223 Somn.
453 3158 470 3223 I
486 3153 545 3222 14:
560 3159 693 3223 Boethus
716 3155 776 3242 (ac.
792 3155 869 3238 phil.
885 3153 1030 3241 Stoicus)
1054 3158 1134 3222 dicit
1149 3159 1289 3222 animan

277 3285 316 3329 en
337 3285 407 3329 aare
429 3272 457 3329 at
478 3266 548 3350 ipne
570 3271 717 3329 constare.

161 3386 226 3455 (tio.
250 3389 345 3454 Tunc.
368 3388 385 3454 I
408 3385 514 3456 9.19:
542 3389 661 3454 Zenoni
680 3389 781 3455 Stoico
803 3392 927 3455 animus
948 3392 1030 3475 ipnn
1051 3388 1190 3469 νίιίιιιινῑ
1211 3385 1289 3453 ibid.

141 3480 143 3485 ¹
277 3491 330 3561 18.
353 3492 410 3561 42:
433 3498 460 3560 ia
481 3503 582 3562 annm
604 3499 728 3563 animus
751 3518 790 3561 aa
811 3497 1008 3583 inflammata
1031 3499 1140 3561 enimn
1162 3501 1287 3576 conant,

277 3609 312 3668 nt
329 3604 521 3690 potissimum
544 3605 645 3669 cidari
666 3604 751 3669 nno
776 3606 937 3670 Panaetio.

161 3726 221 3795 cir.
245 3726 345 3794 etiarn
367 3727 477 3795 Zeller
498 3727 519 3795 i
541 3728 563 3794 l.
585 3725 673 3796 ΙΠ.3
696 3750 726 3813 p.
750 3726 824 3797 192.

206 3851 298 3935 Quae
321 3872 394 3919 cum
407 3852 457 3920 ita
479 3852 555 3935 sint,
571 3853 806 3921 Terentianum
820 3872 933 3923 vocem
955 3857 1096 3919 aninam
1115 3855 1290 3938 celinquere

118 3958 158 4024 ad
183 3958 346 4026 Heracliti
368 3959 439 4028 aive
462 3960 505 4027 ad
528 3960 710 4029 Stoicorum
734 3962 916 4029 doctrinam
937 3960 1063 4028 rosamo
1085 3980 1152 4028 non
1167 3960 1288 4042 dubito,

117 4064 189 4132 aive
222 4064 426 4146 Terentium,
461 4067 646 4151 Scipionum
681 4068 836 4151 amicum,
869 4069 1072 4137 Graecarum
1105 4067 1288 4135 litterarum

208 4328 235 4397 1)
254 4327 302 4385 ch.
320 4326 423 4385 Zeller:
443 4328 616 4392 Geschichte
636 4335 662 4391 d.
681 4350 720 4402 gr.
740 4334 924 4405 Philosophia
943 4334 1007 4393 lll³
1025 4349 1052 4405 p.
1072 4336 1124 4391 193
1142 4349 1204 4405 sqq.
