3142 5059
734 506 949 575 ..64-

342 704 435 772 Idem
457 702 598 788 scriptor
620 704 751 769 occidere
773 703 925 772 absolute
948 702 1097 771 adhibuit
1118 702 1200 771 locis
1222 702 1290 772 his:

299 829 364 898 (lic.
391 833 459 897 nat.
485 827 604 896 1123:
633 827 832 913 refrigerato
862 833 897 895 et
923 829 1070 896 extincto
1098 829 1221 911 calore,
1251 828 1427 896 occidimus

413 936 478 1020 ipsi
500 939 535 1002 et
557 934 787 1020 extinguimur.

298 1063 393 1130 Tusc.
416 1062 434 1128 I
457 1059 495 1128 5:
521 1080 657 1129 necesse
680 1063 733 1129 est
755 1060 842 1128 enim
863 1060 1000 1129 miseros
1023 1079 1098 1127 csse
1122 1080 1193 1143 eos,
1220 1060 1276 1143 qui
1298 1063 1428 1127 centum

413 1167 542 1237 milibus
566 1187 724 1236 annorum
747 1171 825 1235 ante
847 1167 1046 1235 occiderunt.

297 1295 392 1361 Tusc.
422 1290 523 1360 186:
558 1293 613 1375 qui
643 1290 862 1380 (Pompeius),
897 1293 926 1361 si
956 1295 1093 1360 mortem
1122 1296 1191 1359 tum
1221 1290 1362 1375 obisset,
1392 1291 1427 1358 in

415 1400 623 1485 amplissimis
639 1400 781 1467 fortunis
802 1400 993 1483 occidissct3
1016 1399 1075 1467 cir.
1091 1400 1192 1467 otiam
1207 1401 1303 1466 Tusc.
1318 1400 1352 1465 Π
1367 1396 1427 1481 20;

413 1508 430 1573 Ι
453 1505 507 1574 85.

343 1633 489 1699 Utuntur
511 1632 574 1698 hac
597 1650 677 1700 voce
701 1630 758 1698 alii
781 1649 925 1714 quoque:
947 1630 1104 1715 inspicias

299 1758 378 1825 Hor.
400 1758 418 1823 Ι
441 1757 501 1825 Od.
524 1754 577 1824 24.
601 1754 639 1822 9:
670 1756 781 1824 multis
804 1756 860 1824 ille
884 1756 978 1824 bonis
1000 1757 1118 1825 flebilis
1142 1756 1269 1838 occidit,

671 1864 752 1930 nulli
773 1863 921 1947 flebilior,
945 1884 1042 1946 quam
1064 1864 1134 1945 tibi,
1156 1862 1292 1949 Vergili.

298 1970 393 2039 Ovio
420 1970 543 2037 heroid.
570 1971 635 2038 VH
659 1968 740 2037 113:
772 1971 891 2039 occidit
920 1971 1070 2038 internas
1099 1972 1241 2039 coniunx
1263 1973 1428 2037 mactatus

771 2078 815 2144 ad
838 2097 932 2161 aras3

254 2204 320 2271 Sed
349 2202 554 2285 frequentior
583 2207 636 2269 est
662 2221 742 2270 usus
766 2203 854 2286 apud
877 2202 1076 2287 posteriores
1099 2201 1179 2289 (vid.
1202 2202 1307 2269 'lacit
1330 2220 1428 2270 voca-

252 2308 428 2396 bularium)
451 2309 671 2394 imprimisque
693 2310 728 2377 in
751 2310 867 2377 titulis.
902 2311 955 2377 Ex
977 2309 1186 2376 multitudine
1208 2310 1429 2392 exemplorum

253 2418 335 2485 haec
357 2417 505 2501 proferre
528 2416 611 2485 satis
634 2416 695 2483 sit:

297 2543 336 2611 B.
382 2540 464 2610 378:
492 2543 616 2610 blanda
638 2542 763 2626 pietate
787 2542 942 2611 colendus
966 2542 1095 2611 occidit.

297 2649 335 2718 B.
358 2647 462 2716 1151:
492 2649 612 2717 occidit
633 2648 749 2716 infelix
773 2652 888 2734 coopto
911 2652 1005 2718 modo
1029 2651 1107 2717 flore
1130 2650 1296 2719 iuuentae.

297 2757 335 2825 B.
359 2754 463 2824 1138:
493 2758 642 2841 optaram
664 2757 699 2824 in
722 2758 872 2826 manibus
896 2757 1043 2843 coniugis
1068 2757 1224 2826 occidere.

297 2863 334 2931 B.
359 2862 462 2930 1202:
492 2864 578 2946 quod
608 2864 700 2949 pueri
723 2863 924 2947 occidimus,¹
939 2865 1019 2947 ‘fata
1046 2863 1214 2947 querenda
1240 2862 1362 2948 putas?

253 2973 287 3037 et
310 2971 502 3055 saepissime
525 2970 584 3040 cir.
608 2971 646 3039 B.
670 2969 773 3054 1216;
798 2969 902 3054 1106;
926 2969 1029 3054 1148;
1054 2969 1158 3054 1551;
1182 2969 1234 3038 82.

342 3096 436 3180 Quod
459 3095 734 3164 animadvertitur
755 3096 791 3163 in
813 3097 914 3165 verbo
938 3098 1085 3179 occidere,
1117 3096 1203 3164 idem
1226 3095 1370 3163 cernitur
1392 3094 1427 3161 in

253 3202 461 3272 substantivo

758 3325 923 3383 occasus.

342 3430 377 3515 a)
400 3452 538 3502 occasus
561 3434 599 3499 do
619 3435 772 3501 edoctus
795 3434 935 3503 dictum:

297 3556 362 3626 Cic.
393 3561 460 3625 nat.
491 3556 550 3624 95:
581 3577 654 3626 cum
685 3609 756 3627 ...
787 3563 960 3629 cernerent
990 3610 1061 3627 ...
1091 3580 1202 3628 eorum
1234 3556 1426 3647 (astrorum)

413 3664 555 3732 omnium
577 3668 669 3734 ortus
693 3669 728 3731 et
750 3686 904 3750 occasus3

297 3788 361 3858 ilic.
385 3789 450 3859 civ.
472 3791 508 3857 H
530 3788 591 3858 92:
617 3809 753 3860 necesse
775 3794 943 3875 estcrtus
971 3811 1171 3874 occasusque
1195 3791 1338 3881 siderum
1360 3810 1425 3858 non

411 3898 483 3965 fieri
506 3898 618 3964 eodem
640 3899 787 3982 tempore
810 3900 897 3983 apud
920 3919 1041 3968 omnes.

295 4005 394 4089 Verg.
417 4024 528 4089 georg.
551 4006 568 4071 I
591 4002 672 4071 402:
703 4006 782 4073 solis
812 4010 848 4073 et
877 4026 1029 4074 occasum
1057 4024 1196 4077 seruans
1223 4007 1264 4073 de
1287 4004 1426 4072 culmine

412 4130 552 4193 summ03
575 4113 610 4177 et
626 4111 758 4196 saepius
770 4112 835 4180 (lic.
851 4116 918 4181 nat
929 4114 965 4180 H
977 4111 1029 4181 49.
1052 4115 1152 4199 Verg.
1164 4132 1275 4197 georg.
1286 4112 1338 4179 HI
1349 4108 1425 4178 335.

411 4220 526 4287 Senec.
549 4220 675 4299 quaest.
697 4218 715 4285 I
738 4215 767 4286 6.
790 4218 921 4305 2;18.
945 4218 975 4287 6.

252 4340 375 4408 conoe
397 4340 564 4410 rarissime
586 4340 753 4409 inuenitur
