3142 5059
754 521 955 587 ..g-

266 715 366 785 huius
386 714 618 800 disputationis
642 718 910 785 commemoratos
933 712 1055 784 auxilio
1078 714 1157 782 mihi
1178 716 1343 784 venerunt
1364 713 1440 782 libri

266 823 316 891 hi:
339 822 401 891 Ed.
423 822 584 906 thfflin‚
606 824 716 893 Ueber
739 823 792 891 die
813 823 990 908 Autgaben
1013 821 1072 891 der
1093 822 1152 889 lat.
1167 821 1440 907 Lexilrographie.

266 930 328 998 Rh.
359 930 525 1012 Museum‚
555 933 631 1000 tom.
662 929 715 1013 37,
744 952 775 1015 p.
806 927 969 998 83-123.
1014 928 1206 997 Ferdinand
1235 928 1441 1014 Heerdegen,

267 1036 342 1108 Lat.
375 1036 649 1122 Lerikographie.
706 1036 892 1105 Handbuch
926 1035 985 1104 der
1015 1036 1256 1118 Mtertumsw„
1289 1038 1367 1103 tom.
1397 1036 1441 1117 II,

267 1141 297 1210 2.
313 1144 466 1229 Anhang.
510 1144 635 1230 Reisig,
661 1145 888 1230 Vorlesungen
909 1144 992 1210 tiber
1009 1144 1068 1211 lat
1084 1142 1443 1227 Sprachwissenschait

265 1251 301 1318 in
331 1250 390 1318 der
411 1250 702 1337 Neubearbeitung
732 1270 798 1320 von
827 1249 1020 1318 Ferdinand
1046 1249 1260 1335 Heerdegen,
1290 1252 1367 1317 tom.
1397 1250 1441 1331 IL

267 1357 583 1443 Bedeutungslehre.
627 1359 667 1426 A.
690 1357 946 1439 Zimmermann‚
976 1356 1045 1424 Der
1073 1355 1443 1442 kuiturgeschichtliche

267 1466 364 1533 Wert
387 1464 445 1532 der
467 1470 546 1533 rdm.
567 1464 779 1533 Inschriften.
817 1464 936 1532 Hamb.
959 1461 1046 1530 1887
1070 1461 1276 1550 (Sammlung
1299 1463 1442 1548 gemein-

267 1571 531 1641 versttndlicher
544 1570 881 1641 wissenschaitlicher
895 1572 1069 1655 Vortraga
1092 1571 1363 1656 herausgegeben
1377 1590 1442 1639 von
1562 1649 1563 1670 χ

269 1678 429 1761 Virchow‚
450 1698 534 1746 neue
550 1679 654 1764 Folge
669 1680 713 1761 Π,
729 1677 812 1748 Heft
827 1675 895 1763 24).
936 1677 1161 1760 Friedltnder,
1183 1678 1442 1762 Darstellungen
1562 1697 1563 1702 ¹

268 1804 329 1853 aus
353 1786 412 1853 der
434 1786 734 1872 Sittengesohichte
756 1784 867 1852 Roms.
911 1787 979 1852 tom
1001 1781 1080 1852 ΙΠ8
1102 1806 1133 1870 p.
1156 1783 1342 1853 soe-776.
1562 1787 1563 1798 ’

357 1892 393 1960 Si
423 1892 500 1976 quid
530 1893 619 1961 aliud
647 1893 683 1961 in
712 1912 807 1961 usum
836 1911 943 1960 meum
973 1911 1167 1960 conversum
1197 1895 1250 1960 est
1280 1911 1339 1960 suo
1369 1892 1440 1959 loco

267 1999 474 2068 indicabitur.

356 2107 499 2175 Etiamsi
536 2107 735 2193 procedente
769 2104 994 2190 disputatione
1027 2104 1195 2172 rarissime
1232 2106 1362 2172 tantum
1400 2105 1444 2172 ad
1500 2171 1505 2175 .

267 2215 452 2282 nominatos
467 2215 568 2283 libros
584 2214 706 2294 redibo,
729 2216 842 2280 tamen
857 2215 891 2280 et
907 2211 950 2279 ad
966 2211 1190 2295 quaestionem
1207 2210 1443 2278 instituendam

268 2325 302 2390 et
333 2321 375 2389 ad
405 2340 459 2389 res
490 2321 601 2390 varias
632 2323 723 2388 recte
752 2318 995 2405 intellegendas
1025 2318 1103 2385 mihi
1126 2318 1258 2386 maximi
1288 2317 1443 2385 momenti

268 2428 411 2497 fuerunt.

358 2534 423 2603 Sed
446 2538 484 2603 ut
506 2533 675 2603 veniamus
700 2534 743 2601 ad
765 2533 983 2618 propositum,
1007 2533 1178 2601 materiam
1201 2532 1250 2600 ita
1272 2532 1442 2616 disponam

268 2645 306 2710 ut
335 2661 519 2710 enumerem
551 2642 584 2708 I:
614 2660 713 2709 voces
745 2640 909 2711 cotidiano
940 2660 1001 2709 usu
1037 2640 1219 2724 adhibitas,
1257 2641 1308 2707 11:
1342 2658 1441 2708 voces

269 2748 412 2816 maxima
431 2769 473 2816 ex
494 2750 590 2833 parte
613 2748 729 2815 ominis
753 2767 856 2816 causa
873 2751 1060 2832 usurpatas,
1083 2749 1151 2816 HI:
1174 2766 1273 2817 voces
1296 2747 1443 2831 poeticas

269 2856 324 2925 vel
347 2858 469 2940 tropos.
515 2855 609 2922 Notis
632 2874 712 2923 usus
736 2862 807 2923 sum
830 2855 898 2923 his:
1386 2887 1387 2891 ¹

359 2963 397 3029 B.
421 3000 462 3010 —
486 2963 681 3031 Buecheleri
704 2962 850 3030 carmina
873 2962 1094 3047 epigraphica.

360 3070 394 3138 Ο.
417 3070 443 3137 Ι.
465 3070 502 3137 L.
528 3107 566 3119 -
592 3070 716 3154 Corpus
739 3069 987 3153 inscriptionum
1009 3069 1211 3137 Latinarum.

360 3177 394 3245 O.
416 3178 443 3245 I.
465 3177 506 3245 G.
531 3215 572 3226 -
596 3177 720 3261 Corpus
742 3176 990 3260 inscriptionum
1012 3176 1222 3244 Graecarum.
