3142 5059
611 524 827 591 ..31-

126 717 171 785 de
195 716 317 804 anima)
349 721 458 785 ratioet
465 718 486 801 ‚'
506 726 662 786 aeternam
692 722 750 787 sibi
779 730 928 787 maturam
954 722 1063 787 amau
1084 744 1144 789 usse
1166 758 1208 769 -
1231 721 1304 791 sive

127 826 264 909 Epicuri
292 826 444 911 magistri
473 826 590 910 ipsius,
622 828 677 910 qui
706 831 794 895 teste
816 828 993 896 Lactantio
1022 828 1121 897 divin.
1143 830 1220 897 inst.
1243 830 1304 897 ΠΙ.

128 930 182 999 17.
205 932 257 1000 33.
289 933 458 1000 contendit
481 934 547 1001 sic:
576 957 652 1001 uum
681 938 765 1022 quod
794 958 864 1001 uum
894 958 1021 1022 corpore
1049 940 1202 1019 uaeutur,
1235 960 1304 1004 cum

128 1062 257 1128 carpere
279 1044 407 1107 intereat
428 1063 556 1109 umaesm
571 1050 611 1109 at
627 1041 770 1129 (Usener
784 1043 877 1126 Epic.
893 1042 939 1129 ig.
955 1041 1035 1130 336)
1051 1081 1094 1091 -
1111 1047 1169 1110 aut
1184 1044 1304 1112 saltem

128 1147 229 1216 valde
252 1147 485 1218 dubitaverint.

220 1272 352 1340 Nullum
383 1274 502 1341 Orcum
534 1294 624 1356 esse,
655 1276 779 1342 nullum
802 1276 1038 1358 Acherontem,
1069 1277 1227 1361 Cocytum
1257 1276 1305 1344 ait

129 1379 196 1447 Cic.
213 1381 307 1449 Tusa.
323 1382 348 1448 Ι.
365 1380 461 1464 5-6,
484 1382 603 1450 lusisse
619 1381 677 1449 illa
700 1385 817 1467 poetas
840 1386 875 1451 et
890 1384 986 1454 vanis
1001 1384 1136 1468 vulgum
1155 1384 1303 1469 agitasse

129 1486 325 1571 terroribus3
347 1507 453 1571 neque
469 1488 536 1556 alia
550 1490 706 1574 leguntur
720 1492 788 1558 nat.
805 1490 892 1559 deor.
906 1492 949 1559 H.
965 1489 1001 1558 2:
1020 1514 1133 1579 quaeue
1147 1514 1225 1558 auae
1239 1500 1305 1557 tam

129 1616 234 1660 errore
257 1598 391 1662 iurauiri
407 1605 515 1682 potest,
538 1619 616 1685 puae
630 1599 699 1682 itm,
723 1620 802 1685 quae
823 1600 980 1687 quomdam
994 1600 1196 1665 credebantur
1218 1601 1304 1685 apud

128 1702 247 1788 inferos
264 1710 410 1789 portenta
433 1706 628 1787 emtmamt?
651 1704 730 1775 item
752 1705 848 1773 Luor.
864 1704 930 1771 978
945 1721 1019 1793 sqq.
1036 1706 1188 1774 conteras
1204 1706 1304 1774 etiam

132 1827 216 1890 quae
240 1812 375 1877 exstant
398 1811 485 1895 apud
507 1812 697 1881 Iuvenalem
721 1814 784 1879 sat.
807 1814 851 1879 Π.
876 1810 1068 1880 149-152:

238 1957 296 2002 assa
318 1938 437 2023 aliquos
460 1958 564 2004 mames
586 1946 613 2003 et
634 1938 835 2004 subterranea
857 1959 955 2025 repua

174 2112 178 2119 ⁴
238 2049 265 2107 et
288 2050 410 2109 comtum
432 2050 460 2109 et
482 2045 592 2132 suppio
614 2066 712 2112 ruuue
734 2048 767 2110 iu
790 2049 913 2132 purpite
933 2049 1041 2132 uipras

237 2278 291 2321 uec
313 2261 408 2343 pueri
434 2260 578 2343 creduut,
608 2261 670 2325 uisi
698 2262 751 2347 put
777 2260 917 2325 mondum
945 2281 1015 2325 uere
1042 2262 1197 2325 amour.

219 2398 305 2482 Quin
322 2398 422 2467 etiam
438 2400 565 2468 Seneca
587 2400 779 2468 recentioris
797 2400 989 2484 disciplinae
1006 2401 1137 2469 Stoicae
1152 2400 1304 2484 princeps

131 2524 208 2574 num
236 2527 274 2573 re
303 2526 385 2575 vera
415 2507 556 2575 animam
585 2508 801 2575 immortalem
831 2528 906 2576 esse
936 2512 971 2576 et
998 2509 1069 2576 loeo
1100 2508 1210 2577 nescio
1241 2527 1304 2590 quo

131 2632 377 2698 permansuram
411 2634 486 2683 esse
520 2615 583 2684 sibi
621 2616 824 2700 persuaserit
857 2616 928 2684 iure
963 2619 1102 2699 quaerat
1135 2616 1305 2700 quispiam.

133 2721 217 2788 Sunt
247 2721 373 2790 seilicet
405 2722 439 2789 in
471 2724 592 2791 consol.
625 2724 668 2790 ad
690 2724 787 2791 Helu.
819 2722 870 2790 11.
894 2722 923 2790 7.
952 2724 994 2790 ad
1016 2724 1130 2809 Polyb.
1153 2720 1183 2791 9.
1207 2724 1237 2791 8.
1262 2723 1304 2790 ad

132 2829 233 2897 Marc.
256 2827 308 2897 25.
332 2828 362 2897 1.
386 2849 455 2912 sqq.
478 2830 543 2897 loci
565 2830 703 2912 quidam,
727 2829 844 2912 quibus
866 2830 900 2896 id
924 2831 1009 2913 quod
1032 2830 1255 2898 desideramus
1270 2830 1305 2896 in

132 2938 303 3019 propatulo
334 2956 409 3005 esse
432 2937 638 3004 existimetur
669 2974 710 2983 --
742 2956 937 3019 quamquam
968 2957 1079 3004 eorum
1109 2956 1193 3019 quae
1222 2936 1304 3004 locis

133 3062 213 3125 quos
236 3045 330 3111 modo
355 3044 423 3110 dixi
447 3044 487 3111 de
511 3044 588 3112 sede
606 3044 785 3111 animarum
809 3047 1007 3111 mortuorum
1024 3044 1179 3111 disseruit
1201 3045 1306 3111 multa

132 3149 210 3217 ficta
232 3151 401 3235 magisque
425 3152 617 3219 consolandi
640 3171 742 3218 causa
765 3148 956 3237 excogitata
979 3171 1053 3218 esse
1077 3151 1183 3233 credo,
1209 3172 1305 3234 quam
1387 3200 1390 3204 .

134 3276 218 3339 quae
248 3257 297 3324 ita
320 3276 356 3325 se
386 3260 509 3326 habere
532 3259 603 3342 ipse
634 3262 749 3326 auctor
772 3258 929 3326 arbitrari
951 3258 1106 3327 videatur
1128 3296 1170 3305 -
1193 3261 1305 3325 tamen

131 3365 165 3431 in
189 3365 338 3449 epistulis
361 3382 426 3433 non
449 3366 564 3450 paucis
587 3385 649 3433 nec
672 3385 736 3432 non
759 3366 794 3432 in
819 3365 1096 3433 consolationibus
1118 3364 1199 3450 ipsis
1222 3365 1306 3433 talia

131 3473 302 3557 leguntur,
330 3492 414 3555 quae
437 3473 470 3539 in
496 3472 694 3541 contrarium
717 3473 772 3541 vel
803 3474 922 3541 saltem
944 3476 982 3539 ut
1004 3493 1077 3541 eum
1100 3472 1305 3541 dubitavisse

133 3598 323 3648 censeamus
347 3599 407 3648 nos
430 3580 616 3664 impellunt3
639 3583 703 3648 huc
726 3580 917 3648 conferendi
940 3584 1018 3648 sunt
1039 3580 1103 3647 loci
1125 3580 1175 3648 bi:

178 3703 220 3771 ad
236 3705 337 3772 Maro.
354 3701 406 3771 19.
423 3703 460 3771 b:
483 3726 566 3771 mors
582 3706 724 3771 dotorum
741 3709 879 3771 ommium
902 3714 928 3771 et
941 3707 1022 3792 fluis
1045 3714 1086 3770 est
1108 3707 1195 3771 ultra
1212 3728 1305 3793 quum

293 3812 379 3877 mala
400 3820 509 3878 mostra
531 3834 594 3878 aaa
618 3820 741 3894 aueum,
772 3835 850 3900 quae
877 3833 934 3877 uos
956 3815 990 3877 ia
1013 3812 1104 3877 ittam
1126 3814 1305 3900 tranquilli·

292 3925 384 3984 tatem
405 3921 439 3984 iu
461 3940 523 4007 pau
545 3924 710 4008 autequam
731 3940 925 3985 uaemrauur
947 3920 1098 3984 iamimua
1120 3922 1250 4006 reponit.

178 4041 272 4125 epist.
289 4040 363 4110 102.
379 4040 416 4110 2:
438 4045 566 4110 iurabat
587 4045 625 4111 da
645 4046 824 4111 aeteruitatc
837 4045 1019 4110 animarum
1033 4062 1186 4130 quaerere,
1209 4045 1305 4109 immo

292 4150 471 4217 malarouta
486 4152 608 4217 eredere
636 4184 644 4201 ·
661 4149 848 4239 praebebam
863 4151 944 4216 euim
958 4170 997 4215 ue
1004 4149 1136 4235 saritam
1152 4150 1304 4235 opimiani·

294 4255 348 4323 bus
370 4276 557 4345 moymarum
582 4260 725 4324 utrorum
745 4277 812 4322 rem
834 4258 1043 4344 pratiaimum
1060 4256 1306 4343 proruttterutimu

293 4364 391 4450 mupts
412 4384 506 4451 paam
524 4360 735 4449 probantium.
