3142 5059
615 494 834 565 -57-

174 692 320 757 aninam
342 691 452 759 edere:
473 690 502 759 si
525 695 594 759 tum
616 693 653 760 P.
669 690 798 760 Sestius
822 735 878 759 ...
902 691 1043 760 animam
1066 690 1224 760 edidisset
1246 690 1312 759 Cic.

296 817 365 883 pro.
388 798 474 866 Sest.
498 799 558 883 833

176 906 318 971 animem
354 927 466 992 coare:
503 908 618 973 turbat
664 924 768 989 agens
808 904 965 987 animam,
1013 924 1169 989 spumans
1207 907 1244 972 ut
1277 904 1311 971 in

298 1031 440 1094 aequore
473 1013 561 1081 salso
600 1014 772 1081 ventorum
807 1011 927 1080 validis
961 1012 1153 1081 senescunt
1186 1010 1311 1080 viribus

297 1117 405 1187 undae
427 1120 526 1189 Lucr.
549 1121 601 1187 ΠΙ
624 1117 698 1186 493.

297 1228 426 1295 noctem
447 1229 552 1295 totam
574 1225 720 1311 plerique
743 1245 855 1293 eorum
877 1229 912 1293 et
934 1225 999 1293 diei
1017 1224 1221 1309 insequentis
1236 1244 1311 1308 par·

296 1335 363 1400 tem
379 1353 452 1401 cunr
464 1334 604 1401 animam
620 1333 819 1419 exegissent,
835 1333 1046 1418 exspirarunt
1060 1333 1132 1401 Liv.
1146 1331 1200 1400 26.
1218 1330 1269 1398 14.
1281 1330 1311 1398 5.

298 1440 452 1508 Claudius
484 1441 626 1509 animam
656 1460 755 1527 agere
786 1440 894 1525 coepit
924 1461 986 1509 nec
1015 1439 1164 1510 invenire
1189 1438 1312 1507 exitum

296 1549 429 1630 poterat
451 1548 526 1616 Son.
550 1549 685 1633 Apocol.
708 1547 739 1616 2.
762 1546 793 1616 4.
1411 1545 1413 1549 ’

228 1653 333 1737 Quam
357 1655 400 1722 ad
421 1675 535 1725 vocem
558 1659 698 1721 animam
722 1678 813 1741 egere
834 1656 914 1723 Otto
937 1655 1051 1722 Keller
1073 1655 1107 1721 in
1130 1654 1230 1734 libro,
1257 1652 1313 1735 qui

127 1760 343 1829 inscribitur:
365 1762 432 1829 Zur
445 1762 504 1830 lat.
521 1761 838 1846 Spraehgeschichte
852 1765 928 1829 tom.
944 1763 979 1828 H
992 1782 1023 1845 p.
1039 1758 1104 1827 162
1119 1760 1230 1827 neseio
1243 1759 1312 1842 qui-

128 1869 195 1934 bus
213 1868 416 1952 argumentis
431 1869 524 1938 nisus
540 1870 678 1936 adnata
694 1871 795 1937 haec:
817 1872 955 1935 animam
979 1890 1069 1955 agere
1090 1867 1197 1935 heisst
1220 1867 1312 1935 niclrt

128 1974 195 2041 mit
232 1975 304 2041 dem
336 1976 426 2043 rllode
459 1976 595 2061 ningen,
629 1976 692 2043 wie
725 1975 760 2043 in
794 1978 897 2060 guter
930 1975 1177 2042 Handbiichern
1211 1976 1310 2058 steht,

126 2082 280 2149 sondern
303 2100 339 2149 es
361 2082 407 2149 ist
431 2083 488 2151 der
504 2083 732 2151 Allitteration
746 2102 863 2167 wegen
888 2086 992 2150 etwas
1010 2100 1166 2166 ungenau
1182 2083 1312 2166 gesetzt

125 2210 182 2252 ε
203 2192 342 2255 arincam
371 2191 485 2277 efflare
515 2191 594 2276 (den
624 2191 749 2258 letzten
779 2191 943 2274 Atemzug
972 2187 1056 2272 tun).
1110 2188 1176 2255 Sed
1205 2188 1311 2257 virum

126 2294 360 2363 doctissimum
382 2296 469 2364 falso
492 2296 691 2367 iudicavisse
721 2296 894 2382 intelleget
916 2296 1018 2380 siquis
1041 2296 1190 2380 exempla
1212 2314 1313 2378 supra

127 2403 243 2471 alJata
265 2402 454 2487 inspexerit.
519 2457 521 2461 .

227 2510 298 2577 lam
320 2529 399 2577 vero
415 2515 524 2577 anime
539 2512 681 2579 notionis
696 2512 769 2581 vice
793 2532 858 2579 non
873 2531 949 2579 raro
973 2512 1168 2580 vocabulum
1182 2514 1312 2597 spirita

128 2635 265 2701 quoque
280 2615 439 2703 iungitur,
463 2620 549 2702 quod
571 2622 683 2687 tannen
705 2619 899 2688 recentioris
915 2617 1051 2703 originis
1074 2623 1127 2686 est
1149 2637 1211 2685 nec
1234 2620 1312 2684 ante

128 2723 304 2792 Ciceronis
321 2726 464 2791 aetatem
479 2724 601 2793 litteris
617 2726 776 2793 insertum
797 2745 872 2794 esse
888 2726 1034 2808 videtur3
1059 2725 1206 2809 exemplo
1230 2724 1313 2791 sint:

181 2834 326 2918 spiritam
341 2834 470 2897 reddere
482 2831 546 2899 (lic.
558 2832 641 2899 Phil.
657 2833 691 2899 X
702 2830 755 2900 20.
769 2837 915 2920 spiritura
926 2834 1085 2918 effundere
1096 2834 1184 2899 Petr.
1196 2851 1223 2898 c.
1237 2829 1311 2897 111.

181 2942 324 3024 spiritam
355 2944 490 3007 emittere
520 2940 632 3008 Senec.
664 2960 713 3025 ep.
736 2938 790 3007 28.
813 2940 843 3007 8.
888 2943 1032 3027 spiritum
1062 2940 1175 3005 elidere
1197 2938 1311 3005 Sanno.

299 3065 349 3129 ep.
372 3044 425 3114 70.
448 3045 501 3116 20.

181 3155 325 3239 spiritam
340 3155 487 3241 deponere
503 3155 540 3222 B.
556 3152 616 3221 89:
639 3178 714 3222 aare
729 3158 804 3243 qaid
818 3158 981 3242 egregium,
1003 3155 1114 3241 quiriae
1129 3156 1312 3239 cepimdam

298 3264 340 3325 eet
362 3264 478 3346 magia,
509 3284 602 3349 qaam
631 3263 687 3328 abe
712 3265 809 3329 lucem
831 3263 981 3329 labaala
1003 3264 1166 3348 uagata,
1198 3262 1312 3327 murm

297 3375 430 3432 senectae
451 3371 596 3454 offiriam
618 3370 662 3434 ibi
684 3370 842 3456 deponere.

226 3471 375 3554 Denique
405 3475 468 3541 huo
498 3474 597 3542 etiam
621 3476 853 3544 conferendum
880 3479 933 3543 est
955 3476 1091 3545 verbnm
1115 3480 1274 3563 aspirare
1283 3472 1310 3561 ¹)

137 3600 196 3664 pro
220 3584 303 3647 mori
324 3584 526 3664 usurpatum,
549 3583 635 3665 quod
656 3582 778 3667 legitur

172 3686 256 3772 niv.
279 3685 332 3755 23.
356 3685 386 3754 7.
410 3686 446 3755 3;
469 3688 523 3755 obt
546 3740 554 3755 .
580 3738 588 3755 .
613 3738 621 3756 .
636 3692 771 3777 foedam
794 3694 828 3756 in
850 3693 977 3756 modurn
999 3693 1208 3776 eaepirerent;

185 3793 298 3861 Senec.
322 3813 371 3878 ep.
394 3794 446 3863 66.
470 3793 529 3863 13;
553 3799 605 3883 qai
628 3800 840 3883 incomplexe
864 3797 1013 3862 libertatis
1035 3799 1169 3882 raspirat

139 3903 174 3967 et
197 3899 329 3983 saepius
356 3902 449 3969 velut
472 3902 544 3971 Liv.
566 3901 619 3971 26.
644 3901 724 3986 145;
756 3903 831 3971 Sen.
854 3922 904 3986 ep.
929 3900 1035 3969 54.1.
1059 3899 1110 3969 99.
1133 3899 1193 3985 27;
1220 3903 1311 3971 Suet.

139 4005 209 4073 Tib.
233 4004 286 4073 31.
310 4004 363 4073 28.

231 4252 257 4320 1)
278 4251 419 4307 Contraria
444 4270 502 4310 vox
526 4259 571 4311 est
594 4258 727 4326 spirare,
753 4272 825 4327 quae
849 4261 971 4316 occurit
995 4257 1074 4316 Suet.
1099 4257 1161 4316 Tib.
1185 4262 1233 4316 21:
1257 4259 1314 4317 sed

141 4341 240 4398 temen
258 4338 422 4409 spirantem
439 4340 595 4414 Augustas
612 4346 732 4417 reperit.
