3142 5059
613 530 819 597 Α*

136 733 139 737 ’
216 728 338 795 Restat
373 729 412 794 ut
452 724 600 795 brevitor
636 725 776 794 iudicem
815 726 932 810 quibus
971 726 1005 793 11
1053 724 1176 794 studiis
1210 726 1308 795 huius

125 835 275 918 opusculi
298 832 463 919 pangendi
480 852 583 901 causa
598 835 752 901 versutus
776 852 859 902 sum.
905 832 1188 909 Praotcrlibollos
1211 832 1305 901 initio

125 1078 158 1137 Ρ.
177 1079 292 1137 Terenti
310 1078 368 1137 11111
388 1078 555 1137 comoediae
574 1080 675 1137 iterum
695 1080 842 1137 secensuit
860 1079 1039 1149 fleckeisen,
1057 1080 1135 1152 Lips.
1155 1083 1233 1139 1898.

126 1168 296 1226 Scaenicae,
309 1167 501 1233 Romanorum
524 1169 623 1239 poesis
646 1167 803 1239 tragmenta
826 1171 855 1226 et
878 1168 1054 1228 comicorum
1079 1173 1109 1227 et
1132 1170 1303 1239 tragicorum

165 1318 167 1323 ,
232 1258 320 1315 tertiis
338 1258 411 1315 curis
427 1258 596 1325 recognovit
614 1257 685 1315 Otto
697 1252 837 1325 Ribbeclc
857 1258 934 1329 Lips.
949 1260 1018 1315 1808
1036 1258 1172 1329 (iudicem
1191 1258 1304 1318 adhibui

202 1373 204 1378 ·
231 1345 344 1405 alterius
363 1346 555 1417 recensionis).

125 1432 265 1493 Ennianae
295 1435 394 1506 poesis
421 1435 551 1505 reliquiae
582 1436 690 1493 iteratis
723 1436 797 1493 curis
833 1437 976 1494 recensuit
1014 1435 1158 1495 iohannes
1185 1435 1294 1495 Vahlen

124 1610 158 1669 C.
176 1522 447 1671 Luclhiiscaffium
466 1612 598 1683 reliquiae
616 1614 758 1671 recensuit
776 1611 932 1671 Fridericus
950 1612 1039 1683 Marx,
1058 1614 1136 1686 Lips.
1150 1616 1229 1672 1004.

124 1700 158 1758 Τ.
170 1701 281 1760 Lucreti
295 1700 360 1761 Cari
373 1702 408 1759 de
426 1715 517 1759 rerum
535 1704 632 1759 natura
651 1702 711 1760 libri
731 1716 792 1769 sex,
809 1704 951 1760 recensuit
963 1702 1300 1771 CarolusLachmannus,

231 1790 326 1848 Berol.
346 1792 417 1847 1850
440 1790 505 1861 (huc
529 1805 566 1847 ex
589 1790 712 1848 editione
736 1790 793 1848 loci
816 1791 887 1849 intra
908 1793 1025 1863 excripti
1047 1793 1128 1863 petiti
1147 1795 1231 1859 sunt3
1254 1792 1302 1851 ubi

233 1880 287 1937 loci
311 1879 425 1949 quidem
449 1880 575 1950 suspecti
599 1880 666 1937 mihi
688 1880 743 1937 visi
767 1883 832 1938 sunt
854 1881 941 1938 etiam
963 1880 1096 1939 Greechli
1114 1881 1202 1953 (Lips.
1222 1884 1302 1949 1828,

231 1964 311 2026 huius
331 1967 461 2025 editionis
480 1966 570 2026 indice
591 1982 659 2027 usus
682 1970 757 2039 sum)
782 1966 925 2037 Forbigeri
945 1969 1032 2041 (Lips.
1052 1972 1132 2042 1828)
1156 1969 1302 2031 Munronis

232 2057 343 2115 adhibui
361 2056 509 2115 editiones.

125 2146 270 2206 Comellus
283 2145 381 2217 Nepos
401 2145 502 2203 erklbrt
517 2161 574 2205 von
586 2146 621 2205 C.
634 2145 805 2219 Nipperdey,
824 2150 850 2205 8.
862 2147 982 2217 Auliage
993 2147 1112 2216 besorgt
1124 2162 1183 2207 von
1195 2148 1300 2219 Lupus.

123 2326 154 2383 L.
177 2235 439 2383 Anggiokelrffie
464 2339 549 2401 opera
574 2338 629 2396 que
654 2328 805 2402 supersunt
827 2327 996 2395 recognovit
1018 2324 1173 2385 Fridericus
1198 2306 1303 2398 Haase,

230 2414 306 2484 Lips.
330 2416 416 2483 1853;
440 2413 484 2472 De
507 2414 658 2472 clementia
683 2414 772 2473 etde
796 2414 889 2473 benet.
913 2415 958 2473 ed.
982 2414 1094 2483 1103113,
1118 2415 1230 2486 0111οεὶ
1254 2416 1300 2474 ed.

124 2591 155 2649 L.
174 2502 436 2650 Annlaleeirmseesnecae
461 2590 495 2649 ad
515 2592 653 2651 Lucilium
677 2593 860 2664 epistularum
879 2592 1030 2651 Moralium
1054 2606 1127 2665 quae
1150 2598 1301 2665 supersunt

229 2681 315 2739 edidit
334 2680 409 2761 Otto
423 2681 527 2749 llense,
545 2681 623 2753 Ltps.
642 2684 720 2739 1898.

124 2768 158 2829 C.
180 2768 297 2828 Suetoni
315 2770 466 2841 Tranquilli
485 2785 558 2841 quae
576 2775 727 2843 supersunt
745 2772 841 2831 omnia
859 2773 1001 2830 recensuit
1019 2771 1111 2841 Roth,
1130 2773 1300 2844 11131875.

91 2922 93 2927 ,
125 2856 256 2917 Carmina
279 2858 379 2916 Latina
400 2856 587 2930 Epigraphica
610 2860 737 2929 conlegit
754 2860 785 2919 F.
804 2860 1015 2928 Buechelerus‚
1036 2864 1098 2920 tom
1116 2862 1135 2920 l.
1154 2860 1200 2929 li..
1223 2862 1300 2934 Llps.

124 2948 430 3094 praeterlegssbcoffiuur
453 3036 561 3095 indices
585 3037 790 3097 vocabulorum
814 3036 906 3096 Plauti
930 3054 996 3097 eum
1018 3054 1103 3112 quem
1128 3041 1300 3112 conscripsit

230 3125 403 3184 hlermannus
421 3126 549 3191 Rassow
568 3125 654 3210 (inest
672 3128 699 3185 in
715 3127 807 3186 Jahrb.
825 3128 844 3185 t.
856 3127 926 3186 Phil.
943 3128 1042 3201 suppl.
1061 3132 1122 3187 tom
1140 3128 1189 3187 Xll
1208 3132 1297 3202 1881),

229 3214 342 3273 Terenti
372 3230 439 3273 eum
470 3230 486 3273 a
512 3215 717 3275 Westerhovio
747 3217 882 3288 (indicem
912 3217 1065 3276 verborum
1095 3221 1126 3276 et
1155 3219 1297 3289 phrasium

228 3304 344 3362 Terenti
372 3304 540 3375 Bentleiani)
571 3308 711 3376 curatum,
747 3305 877 3365 Suetonii
907 3321 973 3365 eum
1008 3322 1094 3380 quem
1129 3310 1298 3380 conscripsit

229 3393 303 3452 (iuli.
322 3392 653 3463 Baumgarten-Crrrsius.

211 3483 324 3541 Lexicis
343 3497 412 3541 usus
431 3497 494 3541 sum
513 3483 573 3541 his:

122 3571 278 3642 Forceliini,
297 3572 399 3631 Totius
418 3572 575 3631 Latinitatis
593 3572 714 3632 lexicon.

123 3661 154 3719 li.
181 3659 329 3731 inermen
352 3661 481 3720 Lexikon
506 3676 542 3720 zu
567 3662 621 3720 den
645 3662 745 3729 Redeo
769 3663 890 3724 Ciceros
914 3666 966 3723 mit
989 3665 1108 3735 nngabe
1133 3666 1297 3724 suntlicher

123 3838 156 3897 ll.
174 3750 468 3941 Mersttleglte'nffln
486 3856 522 3899 zu
540 3840 596 3899 den
614 3842 680 3913 phil.
699 3841 839 3901 Schriften
858 3842 980 3901 Ciceros
998 3843 1051 3901 mit
1067 3843 1186 3913 Anzabe
1205 3845 1295 3905 simt-

123 4016 155 4075 il.
173 3928 317 4087 biegcuheetf
335 3927 468 4078 Sisteerlrlrirtbn
490 4035 526 4079 zu
549 4019 604 4079 den
623 4018 763 4080 Schriften
782 4020 904 4081 Ciceros
926 4022 978 4080 mit
995 4021 1114 4093 nngabe
1132 4022 1296 4083 simtlicher

122 4194 210 4263 Koch,
229 4105 417 4255 {limbach
435 4212 471 4255 zu
489 4199 544 4257 den
562 4198 721 4258 Gedichten
739 4199 791 4257 des
803 4198 933 4270 Virgilius
952 4200 1042 4269 Maro,
1061 4201 1294 4271 8111111111

122 4284 512 4449 omneslssceffenorescrffeqsoos
531 4377 617 4448 1111,
636 4393 672 4437 ex
691 4376 858 4437 euruonuus
877 4379 1076 4439 peroremus
1094 4380 1175 4453 petru
1193 4383 1266 4440 sans
