3142 5059
699 1274 761 1341 111.

424 1398 563 1489 Voces
590 1398 785 1510 poeticae
813 1400 882 1490 vel
909 1399 1034 1511 tropi.

230 1685 302 1751 Iam
324 1684 451 1768 gratior
473 1683 611 1766 quidem,
637 1683 696 1750 sed
718 1684 818 1767 longa
841 1682 1005 1751 difficilior
1028 1702 1125 1765 quarn
1147 1682 1188 1750 de
1211 1683 1318 1750 adhuc

143 1790 254 1858 allatis
277 1791 427 1874 quaestio
451 1791 492 1857 do
514 1790 650 1859 vocibus
672 1790 802 1872 poetico
826 1790 935 1857 colore
957 1789 1071 1857 tinctis
1095 1788 1214 1871 oritur3
1243 1788 1317 1857 dico

142 1901 272 1981 tropos,
304 1917 384 1980 quos
415 1896 578 1964 miramur.
623 1898 669 1964 Et
700 1900 875 1981 congestos
906 1915 981 1964 esse
1008 1898 1069 1964 hos
1091 1899 1203 1979 tropos
1227 1898 1262 1963 et
1283 1895 1318 1962 in

143 2006 306 2089 quendam
336 2004 483 2071 ordinem
511 2004 665 2071 redactos
696 2005 738 2071 ab
769 2005 891 2072 Ottone
917 2004 1031 2071 Keller
1039 2001 1066 2090 1)
1097 2023 1163 2071 non
1192 2003 1318 2087 ignoro.

143 2112 210 2179 Sed
232 2114 343 2179 tamen
365 2132 408 2179 na
431 2111 653 2179 collectionem
677 2130 782 2178 meam
807 2130 879 2177 cum
903 2131 944 2177 aa
966 2130 1064 2193 quam
1085 2110 1223 2194 praebet
1238 2108 1317 2176 Otto

142 2218 257 2285 Keller
290 2217 492 2301 comparanti
527 2218 657 2284 inanem
694 2218 841 2285 laborem
878 2216 1063 2301 suscepisse
1100 2215 1216 2284 videar
1251 2234 1319 2282 nou

143 2345 268 2396 vereor.
305 2328 418 2407 Neque
442 2324 526 2393 enim
550 2326 727 2392 hamorem
750 2326 826 2391 dum
848 2325 1003 2407 retracto,
1025 2323 1177 2408 qnoniam
1196 2322 1318 2391 similes

144 2433 214 2502 sive
237 2432 335 2499 iidem
356 2432 443 2515 tropi
466 2431 636 2500 observari
658 2434 797 2516 possunt
818 2431 853 2497 in
876 2431 1092 2514 Graecorum,
1122 2430 1156 2497 iu
1186 2429 1318 2511 uostris,

144 2540 178 2606 in
200 2539 434 2623 uniuscunque
456 2539 567 2623 populi
589 2538 719 2623 litteris,
748 2539 790 2606 orl
813 2541 896 2607 haec
918 2540 1027 2607 omnia
1049 2538 1191 2607 animum
1211 2537 1320 2621 inten-

146 2646 220 2713 dam
236 2647 448 2730 exemplaque
466 2645 676 2729 comparandi
699 2666 803 2714 causa
824 2647 1005 2731 proferam3
1028 2646 1087 2713 sed
1101 2644 1320 2712 Romanorum

144 2757 256 2837 tropos
280 2754 526 2822 accuratissime
550 2772 646 2835 quam
669 2754 761 2838 potui
784 2754 1056 2821 commentatione
1072 2752 1186 2820 addita
1201 2750 1235 2818 in
1254 2770 1318 2818 uuo

145 2864 322 2945 conspectu
344 2880 466 2944 ponere
488 2862 550 2928 hoc
572 2860 644 2927 loco
667 2860 750 2927 satis
773 2859 827 2928 sit.

232 2988 452 3058 Romanorum
467 2985 593 3053 scilicet
611 2984 699 3068 tropi
713 2986 751 3051 ut
766 3004 839 3051 cum
853 2984 958 3068 tropis
974 2982 1062 3067 apud
1077 2983 1160 3050 alios
1182 2982 1319 3065 populos

145 3093 301 3161 adhibitis
317 3096 546 3176 comparentur
560 3092 744 3160 huiusmodi
759 3090 970 3159 collectiones
985 3088 1195 3157 necessariae
1213 3090 1319 3171 erunt,

145 3200 263 3285 quippe
286 3220 370 3283 quae
392 3219 458 3267 non
480 3218 587 3283 pauca
611 3199 753 3267 afferant
776 3199 818 3266 ad
841 3202 1009 3282 troporum
1030 3192 1239 3282 historiami)

233 3326 341 3395 Primo
365 3325 495 3409 quidem
516 3325 587 3391 loco
611 3343 684 3392 eum
706 3326 836 3407 tropum
866 3343 1000 3407 ponam,
1031 3321 1123 3390 cuius
1153 3319 1321 3389 sententia

145 3433 314 3519 aptissime
338 3432 530 3517 exprimitur
551 3430 818 3516 pronuntiatione
840 3432 919 3498 hac:

563 3620 640 3695 vita
661 3647 706 3687 .-·
729 3619 909 3713 migratio.

235 3750 299 3836 Qui
331 3754 445 3835 tropus
483 3748 620 3833 primum
654 3748 790 3817 vocibus
828 3747 1027 3833 plenioribus
1065 3748 1180 3814 subest
1212 3745 1321 3813 volut:

141 3860 299 3948 proficisci
322 3880 337 3923 c
360 3861 431 3941 cito,
455 3861 594 3944 miprorc
616 3878 652 3923 ec
674 3860 739 3923 cita
761 3858 823 3921 sice
845 3857 883 3920 dc
906 3857 988 3937 cita;
1009 3853 1157 3937 exemplo
1181 3850 1264 3920 siut:

236 4106 265 4265 {i
283 4104 604 4253 linlndginsseirtiqnihnius
617 4193 779 4264 disciplinae
792 4191 887 4262 posuit
899 4188 1075 4247 Brinlnnann
1092 4190 1120 4245 in
1139 4188 1216 4255 libro,
1235 4201 1321 4259 quem

147 4286 300 4356 inscripsit:
314 4284 366 4341 Die
377 4284 553 4354 Metaphern.
572 4282 689 4340 Studien
700 4281 769 4339 liber
781 4279 837 4337 den
850 4279 933 4338 Geist
945 4279 995 4336 der
1005 4277 1158 4335 modemen
1167 4276 1321 4348 spracuen.

148 4374 267 4431 Bonnae
287 4376 366 4431 1878.
