3142 5059
728 500 951 571 ..54-

253 696 394 765 Claudat
416 717 533 783 agmen
556 698 677 767 locutio

684 820 762 895 lato
787 821 995 907 concedere,

297 948 383 1030 quod
408 947 530 1033 legitur
564 949 669 1017 Tacit.
693 969 768 1017 anu.
791 947 910 1017 1171:
939 950 968 1017 si
990 949 1061 1017 fato
1085 950 1296 1018 concederem
1319 951 1430 1018 iustus

330 1101 333 1109 ι
412 1054 490 1123 mihi
513 1056 605 1123 dolor
627 1056 727 1125 etiam
750 1056 912 1126 adversus
935 1057 1014 1125 deos
1038 1059 1146 1140 esset3

296 1162 375 1230 item
397 1162 480 1231 Pliu.
504 1164 584 1231 Pan.
608 1162 668 1231 11:
695 1163 750 1248 qui
772 1164 878 1232 electo
903 1184 1093 1233 successore
1116 1164 1188 1231 fato
1211 1166 1383 1234 concessit.

342 1287 406 1353 Hic
436 1286 581 1356 fortasse
612 1287 736 1355 obiciat
765 1288 844 1356 milri
874 1288 993 1372 aliquis
1024 1308 1137 1358 vocem
1163 1291 1240 1377 fato
1269 1292 1428 1356 cneedm

252 1397 316 1462 huc
349 1393 557 1460 referendam
601 1414 667 1462 non
705 1414 796 1478 esse,
842 1396 957 1480 utpote
996 1415 1067 1463 cum
1104 1399 1219 1480 tropus
1264 1396 1425 1481 migrandi

1555 1111 1560 1286 l

1556 1316 1560 1499 l

253 1500 467 1569 desideretur.
513 1500 608 1584 Quod
622 1505 713 1569 recte
729 1501 851 1569 dictum
874 1506 973 1585 esset,
997 1502 1026 1570 si
1040 1503 1162 1571 locutio
1176 1507 1253 1592 foto
1268 1506 1424 1571 concedere
1557 1510 1560 1594 ᾗ

253 1627 326 1674 cum
340 1626 422 1676 voce
437 1615 571 1673 naturae
593 1610 754 1675 concedere
770 1610 978 1693 conveniret;
1005 1611 1064 1679 sed
1078 1630 1213 1695 prorsus
1229 1610 1423 1696 discrepant.

252 1714 335 1781 Nam
349 1715 426 1801 soto
449 1717 501 1781 est
524 1714 689 1783 ablativus
710 1735 775 1783 non
792 1716 934 1786 dativus.
973 1718 1068 1802 Quod
1093 1721 1131 1784 ut
1154 1718 1293 1800 credam,
1321 1718 1423 1785 miuus
1558 1721 1560 1800 l

253 1818 466 1906 Nipperdei1)
490 1822 705 1907 auctoritate,
737 1822 792 1907 qui
806 1825 883 1911 fato
913 1824 1093 1893 ablativum
1116 1844 1191 1893 esse
1214 1825 1278 1893 sibi
1301 1844 1424 1909 quoque

1557 1651 1560 1718 l

251 1928 432 2012 persuasit,
464 1947 561 2011 quam
592 1934 784 2014 comparata
813 1930 979 1998 locutione
1001 1935 1066 1997 ode
1088 1934 1251 1999 concedere
1274 1933 1422 2013 adducor,

252 2054 337 2118 quae
361 2035 447 2119 apud
474 2036 612 2103 eundem
636 2037 785 2118 Tacitum
812 2037 956 2105 occmrit
977 2057 1083 2121 neque
1107 2058 1243 2123 usquam
1274 2039 1369 2122 alibi,
1397 2038 1424 2107 si

251 2146 342 2211 recte
365 2142 450 2225 vidi;
473 2144 623 2227 exempla
646 2144 764 2211 addam
787 2146 889 2212 haec:

295 2252 372 2317 Tac.
396 2269 471 2319 ann.
495 2249 526 2318 1.
550 2248 597 2317 3.:
620 2250 768 2335 Agrippa
791 2251 863 2319 vita
885 2251 1065 2336 concessit;

297 2358 374 2423 Tac.
398 2376 472 2423 ann.
496 2356 526 2423 3.
550 2354 609 2423 30:
632 2357 697 2424 fine
721 2357 800 2425 anui
823 2378 1016 2427 mucescere
1039 2360 1112 2428 vita
1132 2359 1280 2446 insignes
1304 2360 1382 2444 viri3

298 2463 356 2529 cfr.
380 2463 480 2530 etiam
503 2482 578 2531 auu.
602 2462 654 2531 14.
678 2462 737 2547 51;
761 2463 792 2533 6.
816 2463 876 2550 39;
900 2464 952 2533 12.
975 2464 1027 2533 39.

340 2587 490 2670 Denique
522 2590 679 2655 concedere
708 2609 767 2673 pro
799 2595 881 2657 mori
910 2592 1062 2676 usurpari
1096 2593 1184 2660 nullo
1217 2594 1422 2662 substantivo

253 2696 365 2764 addito
389 2694 546 2778 exemplis
570 2695 815 2763 demonstratur
837 2697 903 2765 his:

296 2822 374 2888 Tac.
399 2840 474 2889 ann.
498 2818 550 2887 13.
574 2818 634 2887 30:
657 2823 694 2888 at
716 2822 871 2890 Volusius
894 2824 1031 2909 egregia
1052 2825 1143 2892 fama
1166 2825 1346 2909 concessit3

297 2929 374 2996 Tac.
392 2947 466 2994 ann.
482 2926 512 2994 4.
528 2926 588 2994 38:
612 2928 702 2997 cives
717 2948 842 3012 precor,
865 2933 911 3013 ut,
935 2932 1128 3014 quaudoque
1152 2951 1354 3014 concessero,
1370 2983 1377 2999 .
1394 2983 1423 2999 ..
1551 2951 1552 2954 ’

413 3054 485 3101 cum
507 3034 606 3102 laude
628 3034 750 3103 famam
773 3035 913 3103 nominis
936 3037 1000 3105 mei
1022 3041 1271 3122 prosequantur.

252 3161 325 3227 Hoc
354 3160 527 3227 verborum
556 3179 695 3228 recensu
729 3164 865 3244 peracto
900 3162 943 3229 ad
976 3163 1261 3233 substantiva
1294 3167 1425 3231 denuo

253 3267 324 3336 sive
340 3268 484 3335 durescere
499 3269 534 3335 et
549 3290 682 3335 erroneus
697 3286 803 3335 sermo
818 3270 975 3352 procedit.
1002 3270 1055 3337 Ad
1078 3270 1296 3353 frequentiam
1312 3274 1426 3340 harum
1544 3269 1548 3344 ἕ

252 3392 368 3441 vocum
391 3374 477 3456 quod
493 3374 623 3457 attinet,
647 3377 779 3443 deosne
801 3375 851 3442 ita
865 3395 941 3442 raro
957 3378 1108 3461 occurrit,
1131 3381 1169 3445 ut
1189 3378 1266 3445 mihi
1282 3377 1426 3448 nonnisi
1542 3391 1546 3462 g

254 3480 403 3563 exempla
425 3482 558 3564 praesto
582 3481 649 3548 siut
671 3482 768 3549 haec:

297 3603 362 3671 Cic.
385 3604 436 3672 de.
454 3603 573 3671 amicit.
597 3602 627 3671 3.
651 3602 720 3672 10.:
743 3607 829 3688 quod
853 3626 891 3675 eo
911 3627 1021 3675 errore
1037 3628 1143 3693 cereo,
1166 3629 1229 3692 quo
1252 3611 1427 3680 amicorum
1541 3605 1545 3630 ¹

413 3711 551 3779 decessu
573 3710 720 3794 plerique
744 3714 823 3798 augi
846 3715 970 3798 solent3

297 3818 334 3885 B.
354 3817 417 3885 eos:
440 3819 540 3886 funus
563 3815 636 3907 cru]
662 3819 733 3887 avit
754 3822 898 3904 pulchre,
922 3822 1091 3889 decessum
1115 3819 1266 3911 [dolens].

253 3926 455 3993 Vocabulum
467 3928 611 3993 decernes
622 3927 772 4011 apposito
790 3951 805 3993 e
820 3932 885 3994 cita
901 3927 1068 3996 invenitur
1084 3930 1171 4012 apud
1186 3930 1252 3998 Oic.
1269 3930 1425 4000 div.147:
1538 3997 1541 4026 Ι

413 4031 571 4115 siquidem
584 4034 627 4100 ad
640 4036 775 4101 mortem
784 4034 995 4118 proficiscens
1004 4034 1269 4104 Callanusludus
1284 4057 1425 4122 „oprae
1537 4079 1540 4110 ι

413 4138 537 4207 clarum
560 4139 740 4207 discemum
762 4139 910 4222 inquito
933 4139 1035 4208 vita“.

253 4284 466 4293 -.---

343 4350 370 4419 1)
389 4350 416 4406 in
435 4350 591 4406 comment.
610 4348 653 4405 ad.
673 4346 763 4407 Taclt.
783 4362 844 4407 ann.
863 4354 889 4407 2.
908 4353 951 4406 71.
