3142 5059
611 486 832 555 ...49-

174 680 295 747 Seuec.
319 680 362 747 ad
383 680 486 749 Marc
512 680 580 749 XX
601 678 640 747 3:
670 699 735 748 non
758 682 812 748 est
834 681 1007 748 molestum
1033 679 1173 762 servire,
1202 678 1258 744 ubi
1281 677 1310 745 si

296 788 418 855 domini
439 790 628 873 pertaesum
651 792 712 873 est,
741 788 821 857 licet
842 807 908 855 nno
930 787 1036 873 gradu
1060 787 1103 854 ad
1123 787 1312 854 libertatem

294 895 448 985 transire.

174 1001 295 1069 Senec.
325 1022 376 1087 ep.
406 1000 460 1071 65.
488 1000 549 1069 24:
578 1022 640 1070 nec
669 1002 821 1070 desinere
850 1001 949 1069 timeo
972 1051 981 1069 .
1004 1053 1012 1067 .
1036 1051 1045 1069 .
1066 1019 1128 1079 nec
1157 999 1312 1083 transire,

296 1109 374 1191 quia
395 1128 557 1191 nusquam
577 1113 648 1177 tam
670 1112 813 1195 auguste
834 1128 901 1177 ero.

174 1216 295 1284 Senec.
317 1236 369 1301 ep.
392 1214 444 1283 93.
468 1213 528 1283 10:
553 1236 658 1299 aeque
680 1237 835 1302 magnum
856 1218 962 1285 habeo
986 1214 1136 1296 animum,
1159 1213 1259 1281 stiam
1281 1212 1310 1281 si

295 1342 455 1405 nusquam
477 1324 679 1391 trausitmus
702 1324 835 1391 excedo.

129 1428 262 1497 Seneca
284 1430 336 1497 bis
359 1429 439 1498 locis
463 1431 576 1497 eodem
597 1430 670 1497 inre
692 1436 775 1497 cairo
796 1450 918 1515 ponere
941 1429 1056 1514 potuit

219 1537 318 1604 Nunc
342 1555 439 1619 vero,
461 1539 636 1621 postquam
658 1538 699 1605 de
721 1538 833 1607 verbis
856 1537 1112 1622 disputavimus,
1143 1535 1184 1603 ds
1214 1537 1318 1602 sub--

128 1643 351 1713 stantivis
381 1644 460 1725 quid
490 1644 561 1711 erui
588 1644 695 1728 possit
724 1644 905 1713 videamus.
949 1646 1000 1710 Ac
1022 1643 1159 1728 primum
1183 1642 1311 1724 quidem

128 1754 163 1817 te
188 1769 392 1835 cognoscere
415 1750 513 1820 velim
532 1751 643 1820 verbis
668 1752 758 1833 obire,
781 1752 878 1836 abire,
902 1754 994 1834 exire,
1019 1754 1153 1817 transire
1174 1766 1309 1833 respon-

127 1856 207 1923 dere
231 1857 372 1924 totidem
395 1858 607 1925 substantive
629 1858 723 1926 velut
745 1859 856 1941 obitus,
880 1859 992 1939 atem,
1018 1860 1129 1939 emitae
1153 1860 1310 1937 transitus,

128 1984 215 2046 quae
251 1965 363 2031 onnia
394 1964 430 2030 in
463 1964 629 2032 notionem
662 1986 748 2031 mors
782 1964 935 2032 abierunt
969 1963 1179 2033 substantivo
1213 1964 1313 2029 abbas

129 2071 336 2138 solummodo
359 2073 506 2156 excepto.
543 2072 634 2156 Ergo
658 2071 759 2138 abitas
781 2091 825 2138 ex
846 2070 1069 2154 disputatione
1092 2070 1313 2151 eximendum3

128 2197 227 2260 porro
252 2178 354 2245 etiam
377 2178 418 2246 de
443 2179 558 2263 oleos,
590 2178 744 2260 quoniam
767 2178 810 2244 ad
832 2180 919 2245 banc
940 2196 1055 2246 vocem
1076 2176 1167 2245 infra
1189 2176 1312 2258 redibo,

129 2305 181 2353 me
205 2286 451 2369 disputaturum
481 2304 556 2353 esse
584 2286 740 2353 hocloco
763 2286 831 2352 noli
854 2287 1058 2369 exspectare.
1102 2284 1314 2367 Reliquorum

130 2396 243 2460 antem
272 2392 554 2460 substantivorum
580 2391 841 2461 vetustissimum
870 2392 1185 2473 usitatissimumque
1215 2394 1314 2456 moa

129 2500 274 2582 primum
294 2499 402 2566 locum
424 2499 582 2566 obtineat.

221 2606 427 2674 Vocabulum
449 2602 566 2679 exitus
584 2606 655 2675 sive
671 2610 734 2673 vita
749 2605 959 2675 substantivo
976 2605 1088 2673 addito
1104 2606 1175 2675 sive
1192 2605 1312 2673 omisso

130 2718 272 2781 mortem
294 2713 530 2796 uniuscunque
552 2714 683 2798 generis
706 2714 882 2798 significat,
913 2734 978 2796 qua
1000 2714 1041 2781 de
1063 2734 1100 2782 re
1123 2733 1185 2780 nee
1206 2713 1313 2780 minus

131 2826 270 2905 propter
306 2838 386 2888 usus
420 2819 639 2902 frequentiam
672 2822 756 2887 haec
790 2840 856 2888 vox
890 2820 1016 2887 notioni
1049 2843 1134 2887 mors
1167 2820 1313 2904 proxime

132 2930 273 2995 accedit.
317 2928 479 3013 Exempla
506 2947 580 2995 cum
605 2927 714 2996 ubivis
744 2928 814 2995 sint
843 2928 958 3010 obvia,
981 2926 1092 2994 Plauti
1114 2927 1312 3008 'Perontique

131 3034 258 3103 fabulis
280 3054 362 3101 sane
384 3035 541 3118 exceptis,
564 3036 647 3102 haec
669 3034 753 3102 satis
776 3036 883 3102 babeo
906 3034 1038 3101 aderre:

178 3146 280 3208 eattae
303 3144 402 3207 vitoe:
423 3142 505 3226 Nep.
519 3142 614 3209 Eum.
630 3140 681 3209 13.
697 3139 735 3208 2:
757 3144 811 3207 scd
829 3144 1039 3207 Macedonem
1056 3143 1199 3228 periurio
1221 3143 1313 3207 talam

295 3250 405 3315 babuit
427 3252 541 3315 marm
563 3253 644 3315 ottae
666 3249 727 3334 (so.
750 3245 947 3331 Eumenes);

179 3356 285 3423 addas
309 3354 399 3421 Suet
421 3356 534 3423 Claud
557 3354 610 3423 43.
633 3354 693 3422 25:
715 3357 770 3420 aab
793 3359 877 3421 eriora
898 3358 986 3421 vitae.

134 3462 240 3529 Multo
257 3463 368 3528 autem
382 3462 514 3545 saepius
535 3467 635 3529 esdra
658 3462 809 3529 absolute
832 3461 1023 3545 adhibetnr3
1044 3462 1110 3528 iam
1125 3461 1314 3529 eioemnem

134 3568 333 3636 scribentem
356 3569 570 3638 observamus
592 3573 662 3637 nat.
685 3569 773 3636 deor.
795 3570 849 3635 ΠΙ
871 3567 932 3637 89:

296 3698 508 3764 nonumqucm
531 3678 624 3742 bonos
646 3680 743 3743 codsa
764 3678 876 3742 babeat
897 3678 988 3759 boni,·

181 3782 261 3849 item
276 3782 358 3867 Nep.
368 3784 469 3850 Phoc.
484 3781 515 3850 4.
527 3781 564 3849 3:
578 3786 660 3850 bunc
674 3788 755 3849 mim
770 3788 886 3849 mium
896 3786 1039 3870 piatque
1053 3785 1115 3847 oiri
1127 3783 1312 3849 habcenaat.

135 3888 283 3955 Utuntur
312 3890 375 3955 hac
405 3890 588 3957 elocutione
617 3889 797 3974 scriptores
829 3889 1029 3972 posteriores
1064 3908 1191 3970 quoque
1220 3889 1314 3958 velut

182 3994 296 4063 Senec.
327 4016 376 4079 ep.
400 3993 453 4063 70.
477 3994 537 4064 14:
567 3999 800 4085 mpmoedum
827 4017 886 4062 ease
916 3999 1048 4077 meam,
1079 4018 1166 4083 quern
1195 4004 1313 4062 actura

182 4207 287 4276 addes
297 4104 493 4276 dssvfiffim
519 4209 596 4276 hist
626 4210 657 4277 8.
680 4207 733 4276 74.
756 4206 795 4291 33
825 4208 917 4277 Suet.
938 4212 1028 4293 Aug.
1045 4206 1107 4291 99,
1135 4208 1231 4276 (lass.
1252 4206 1312 4291 353

297 4313 369 4381 lib.
392 4312 445 4385 45.

1132 4437 1153 4493 4
