3142 5059
635 524 854 591 „11-

157 720 254 791 anoni
277 722 442 791 interdum
469 720 569 788 etiam
597 719 685 804 apud
711 718 911 804 posteriores
937 717 1092 785 maiorem
1114 714 1180 785 rim
1207 716 1330 781 hebere

157 832 350 901 doeumento
374 832 470 897 sunt:

198 989 202 993 -
247 938 417 1006 oonieras:

202 1046 282 1114 Sall.
311 1045 383 1129 Iug.
414 1040 466 1109 14.
496 1039 557 1109 24:
592 1042 716 1109 utinam
747 1040 849 1109 emori
882 1038 1024 1108 fortunis
1059 1037 1139 1105 meis
1173 1037 1331 1105 honestus

319 1149 428 1218 exitus
452 1150 550 1218 esset

202 1258 290 1327 item.
313 1256 430 1325 Oatnll.
457 1275 555 1323 earm.
578 1252 638 1322 52:

371 1362 531 1447 quidest,
555 1361 709 1429 Catulle?
733 1360 811 1444 quid
833 1361 971 1429 moraris
995 1358 1119 1425 emori?

371 1472 455 1538 sella
476 1470 511 1537 in
535 1468 639 1537 curuli
662 1473 789 1536 struma
811 1467 935 1537 Nonius
958 1467 1061 1547 sedet,

371 1598 431 1662 per
453 1578 658 1644 consulatum
680 1574 826 1660 perierat
847 1574 1017 1643 Vatinius:

372 1684 449 1766 quid
472 1685 533 1765 est,
556 1681 706 1750 Catulle?
730 1682 808 1766 qnid
823 1681 960 1750 moraris
976 1676 1134 1766 emori?¹)
1223 1697 1225 1700 ’

248 1792 471 1873 Insequentnr
504 1792 623 1855 clamori
653 1791 688 1856 et
716 1792 897 1871 intermori,
929 1808 1012 1871 quae
1046 1789 1150 1856 verbe
1184 1784 1332 1870 quemvis

159 1917 236 1966 raro
259 1900 370 1966 temen
400 1897 452 1965 his
482 1896 535 1965 vel
566 1895 632 1963 illis
664 1895 746 1964 loeis
775 1894 874 1963 obvia
903 1894 995 1963 finnt
1039 1895 1218 1977 Utriusque
1248 1911 1333 1975 quae

160 2004 357 2091 significatio
381 2004 426 2071 sit
448 2023 507 2088 per
523 2022 559 2071 se
582 2002 741 2087 patescit3
765 2021 843 2087 ergo
866 2002 1024 2069 nonnulla
1039 2001 1189 2085 exempla
1212 2000 1333 2067 addere

160 2111 242 2179 satis
267 2110 320 2179 sit.
365 2112 415 2178 Ao
438 2110 574 2195 primum
606 2109 734 2193 quidem
757 2112 877 2175 demoni
899 2109 987 2192 apud
1009 2108 1163 2174 Plautum
1184 2106 1271 2173 idem
1294 2125 1335 2172 ee

159 2222 316 2306 deperire,
339 2217 374 2285 id
397 2220 450 2285 est
473 2217 610 2286 alienius
634 2236 743 2285 amore
768 2215 894 2299 erdere,
919 2216 1106 2301 significare
1128 2214 1180 2282 his
1204 2213 1333 2281 demon-

159 2327 284 2394 stretur
306 2324 481 2410 exemplis:
1037 2357 1039 2360 ·

203 2434 313 2501 Plent.
336 2433 405 2500 Mil.
428 2433 509 2517 glor.
533 2430 615 2499 969:
644 2452 685 2499 ee
712 2427 891 2499 demoritur
913 2434 949 2497 te
972 2431 1072 2512 etque
1100 2428 1221 2497 atillo
1245 2427 1335 2512 eupit

321 2540 421 2607 abire.

206 2648 313 2715 Plaut.
329 2646 398 2714 Mil.
421 2648 503 2730 glor.
528 2643 632 2713 1040:
655 2665 791 2713 nonme
814 2644 895 2729 dieo,
919 2644 979 2713 sed
1002 2663 1091 2712 eram
1114 2663 1227 2726 meam,
1251 2663 1335 2727 quae

321 2755 356 2821 te
379 2752 564 2821 demoritur.
1301 2750 1303 2753 ’

251 2859 317 2927 Sed
339 2860 489 2943 proprius
520 2879 599 2928 usus
624 2860 750 2927 demum
772 2859 849 2927 inde
881 2861 922 2927 ab
947 2859 1102 2927 Oieeroue
1132 2861 1334 2943 propagatus

163 2986 236 3035 esse
260 2966 408 3037 ridetur:

208 3074 272 3143 Oic.
294 3075 388 3142 Verr.
409 3074 453 3141 H.
478 3071 559 3140 124:
591 3093 662 3141 enm
693 3076 783 3141 esset
806 3092 848 3140 ox
877 3075 1026 3142 veterum
1049 3092 1181 3141 numero
1205 3072 1336 3156 quidam

323 3183 458 3248 senator
479 3181 677 3249 demortuus.

207 3288 271 3356 Oio.
286 3290 380 3357 Verr.
395 3288 453 3356 IV.
476 3286 515 3356 9:
539 3290 729 3371 sanxerunt,
751 3288 867 3371 nequis
891 3291 1014 3355 emeret
1035 3288 1101 3355 nisi
1122 3286 1336 3355 indemortui

322 3396 438 3464 locum.

207 3506 213 3534 ⁶
251 3504 423 3569 [marmori
453 3504 562 3570 autem
593 3502 643 3569 ita
672 3522 747 3570 raro
779 3502 937 3585 oeourrit,
971 3506 1009 3570 ut
1039 3522 1082 3570 ex
1112 3501 1336 3586 scriptoribus,

163 3630 243 3694 quos
273 3630 334 3696 ego
368 3609 515 3694 inspexi,
548 3613 678 3677 tautum
712 3630 811 3678 unum
846 3610 1027 3694 exemplum
1060 3612 1215 3691 habeam,
1250 3607 1336 3693 quod

164 3718 298 3787 addam:

209 3824 298 3891 Suet.
321 3824 406 3892 Nero
429 3823 490 3893 42:
521 3825 695 3908 conlapsus
727 3824 898 3908 animoque
928 3825 1013 3892 male
1043 3825 1150 3892 iraoto
1182 3823 1237 3891 diu
1263 3821 1334 3889 sine

323 3950 405 3999 vooe
428 3935 462 3999 et
484 3952 586 4016 prope
608 3931 843 3999 intermortuus
865 3932 976 4000 innuit.

255 4198 282 4267 1)
310 4197 338 4253 in
366 4200 483 4268 utroque
514 4211 600 4256 versu
628 4212 730 4256 omnes
760 4199 863 4256 sinceri
891 4198 1007 4255 codices
1035 4200 1123 4255 ‘mori'
1151 4211 1201 4268 pro
1230 4198 1336 4254 ‘emon’

164 4286 315 4357 praemon
334 4285 426 4343 codex
439 4284 601 4345 liarleienus
620 4287 699 4345 solus
718 4286 872 4344 lectionem
891 4288 997 4345 ‘emori'
1017 4286 1106 4353 alien,
1125 4300 1209 4358 quam
1229 4287 1336 4343 certam

165 4375 391 4433 emendationem
410 4389 478 4433 esse
496 4376 557 4446 quis
576 4378 686 4446 estqui
705 4376 813 4443 neget?
