3142 5059
602 504 826 575 ..41-

125 700 370 785 agnoscendum
400 718 474 770 esse
503 700 603 786 dixit3
626 700 716 770 notio
747 701 861 769 mortis
892 703 952 768 aut
981 700 1110 768 omnino
1140 698 1302 768 omittitur

126 845 168 855 —
193 808 375 891 exemplum
397 810 451 876 est
473 811 553 875 diem
578 810 661 876 obire
684 846 726 857 —
750 811 810 876 aut
833 810 930 876 canto
953 806 1231 876 circumscribitur
1251 806 1302 874 ita

126 916 163 981 ut
186 914 279 983 modo
303 918 367 983 dies
380 938 453 983 suus
476 916 570 984 nodo
594 919 657 983 dies
678 938 839 1005 supremus
860 916 1012 999 ponatur.

215 1054 248 1144 8)
270 1061 353 1125 diem
373 1081 465 1125 suum
487 1061 591 1126 obire:

170 1183 278 1252 Plaut.
300 1184 400 1253 Peon.
422 1204 454 1252 v.
479 1181 582 1252 1070:
605 1207 695 1273 quom
716 1207 807 1252 suum
830 1186 904 1250 obiit
927 1186 1017 1249 dmm.

125 1308 220 1393 Quod
254 1326 353 1375 unum
386 1310 568 1393 exemplum
598 1330 640 1377 ox
665 1310 783 1377 Plauto
815 1308 1015 1377 afferendum
1042 1308 1161 1390 habeo,
1195 1325 1301 1388 neque

126 1414 239 1482 decern
273 1435 315 1482 ex
343 1415 423 1483 totis
453 1417 673 1484 Romanorum
702 1415 824 1484 litteris
854 1419 889 1484 te
919 1415 1195 1500 investigaturum
1226 1434 1301 1481 esse

127 1521 241 1605 credo,
279 1522 427 1605 quamvis
462 1523 609 1592 studiose
644 1524 842 1607 contendas3
880 1522 959 1590 milri
995 1523 1124 1590 tantum
1161 1521 1301 1604 quinquo

126 1630 259 1711 praesto
282 1631 370 1713 sunt,
394 1649 529 1711 quorum
552 1633 622 1698 tres
637 1631 743 1697 Birtio
767 1630 879 1712 debeo,
903 1630 958 1712 qni
979 1631 1043 1697 hac
1066 1629 1106 1696 de
1129 1648 1210 1699 voce
1233 1628 1303 1712 egit

126 1736 161 1802 in
190 1755 299 1821 progr.
329 1736 417 1807 univ.
447 1738 552 1822 Marp.
584 1736 671 1803 1888
701 1758 732 1822 p.
759 1739 867 1806 XVH.
915 1736 1070 1821 Volgaris
1101 1736 1173 1803 sine
1203 1735 1300 1802 dubio

125 1842 300 1911 locutionis
324 1846 376 1910 est
398 1847 479 1911 dmm
500 1866 589 1910 suum
606 1846 697 1927 obire,
723 1845 809 1927 quod
825 1844 923 1911 otiam
939 1863 981 1911 ex
997 1863 1034 1911 eo
1050 1843 1148 1913 velim
1164 1862 1301 1927 cognos-

127 1968 193 2034 cas,
216 1951 303 2032 quod
316 1951 455 2018 Plautus
474 1987 511 1998 ·
530 1953 711 2036 exemplum
734 1952 828 2020 modo
845 1952 943 2018 attuli
959 1988 998 1998 -
1016 1951 1124 2035 plebei
1143 1949 1301 2017 sermonis

124 2059 284 2141 patronus
307 2057 507 2128 venerabilis
524 2092 564 2105 -
582 2058 630 2125 sic
654 2059 740 2126 enim
761 2059 782 2126 l.
798 2059 820 2126 1.
836 2058 961 2126 Birtius
985 2057 1119 2124 dicit-
1138 2058 1201 2124 hac
1220 2075 1301 2125 voce

126 2163 249 2248 primus
271 2184 351 2232 usus
375 2166 443 2248 est;
472 2165 571 2233 affine
595 2166 744 2249 quamvis
767 2186 833 2233 non
855 2166 941 2233 idem
964 2168 1016 2233 est
1038 2167 1185 2233 nostrum
1210 2164 1301 2248 „sein

127 2271 318 2339 Stiindchen
347 2273 407 2339 hat
436 2274 669 2358 geschlagen“.
715 2273 781 2341 Sed
811 2293 852 2341 ne
882 2272 1143 2358 praetermittam
1173 2274 1301 2339 ceteros

126 2379 225 2461 locos,
249 2379 365 2462 quibus
388 2380 475 2447 redit
497 2382 580 2448 haec
602 2401 676 2463 vox,
699 2380 909 2466 proferentur
931 2380 981 2448 hi:

170 2504 285 2572 Front.
301 2504 396 2588 epist.
412 2505 455 2572 ad
470 2506 547 2574 Ant.
563 2506 657 2573 Pium
675 2527 705 2591 p.
722 2504 787 2573 167
802 2507 899 2575 Nat:
921 2508 1019 2594 Niper
1035 2507 1198 2573 Corsorc'us
1220 2507 1302 2572 diem

286 2634 376 2679 suum
399 2613 481 2679 obiit.

126 2754 188 2803 nec
218 2735 316 2802 aliter
338 2736 470 2820 scripsit
492 2738 688 2822 Pomponius
717 2738 753 2805 in
783 2737 961 2805 enchiridio
984 2736 1058 2822 Dig.
1085 2738 1103 2803 I
1133 2736 1163 2804 2.
1186 2735 1217 2804 2.
1241 2734 1301 2818 52;

171 2859 250 2927 item
270 2860 398 2929 Gellius
418 2863 465 2930 VI
490 2860 584 2949 (VII)
604 2863 634 2930 8.
656 2861 693 2930 6:
716 2864 770 2929 cot
787 2884 869 2949 puer
891 2863 1175 2950 delphineromenus
1196 2861 1301 2926 morbo

286 2969 425 3057 adfectus
449 2972 510 3037 obit
532 2993 625 3038 suum
647 2972 727 3036 diem
733 2994 745 3053 ;

171 3085 241 3150 tum
264 3084 377 3152 Senec.
400 3086 533 3169 Apoool.
556 3087 574 3154 I
598 3085 634 3153 1:
665 3109 701 3153 ecc
722 3109 780 3173 quo
802 3108 892 3153 suum
915 3087 997 3152 diem
1019 3085 1093 3151 obiit
1113 3086 1184 3168 ille;

172 3199 290 3268 addam
313 3200 413 3268 etiam
433 3202 497 3270 Cic.
522 3200 598 3269 iam.
617 3203 665 3270 IV
681 3200 740 3269 12:
770 3206 805 3268 in
827 3204 934 3290 quom
956 3200 1016 3287 (sc.
1040 3198 1211 3286 codicillis)
1235 3210 1302 3266 erat

286 3312 433 3396 saeptum
450 3311 549 3397 poulo
573 3318 643 3375 aare
659 3312 757 3375 lucem
773 3311 961 3376 Marcellum
984 3311 1065 3375 diem
1078 3331 1168 3374 acum
1184 3310 1299 3374 obiisse.

215 3431 365 3516 Denique
387 3433 494 3501 forma

217 3555 253 3644 d)
276 3561 358 3625 dmm
371 3580 550 3645 supremum
567 3560 651 3627 obire
666 3560 818 3643 occurrit,
841 3580 937 3643 quam
959 3561 1156 3629 locutionem
1178 3561 1301 3645 primus

126 3664 222 3732 Corn
245 3664 354 3749 Nepos
377 3666 590 3749 usurpavisse
613 3666 759 3750 videtur;

173 3788 325 3857 conferas
356 3790 438 3857 Milt.
467 3789 498 3859 7.
522 3790 560 3859 6:
587 3796 622 3858 in
648 3795 748 3859 macla
772 3793 980 3859 mniectus'est
1003 3795 1101 3881 capue
1124 3794 1205 3859 dum
1228 3794 1302 3858 obiit

287 3918 482 3984 supremum
504 3898 581 3967 ibid.
597 3898 684 3966 Dion
698 3897 729 3967 2.
745 3898 783 3983 53
806 3899 847 3967 de
869 3918 938 3982 reg.
963 3897 1029 3966 1.3
1052 3902 1087 3967 et
1109 3900 1301 3984 saepissime

287 4003 323 4070 in
344 4004 459 4073 titulis

217 4128 418 4212 Quaestione
433 4132 593 4198 hactenus
608 4130 769 4214 perducta
790 4130 982 4214 locutiones,
1006 4132 1046 4198 de
1062 4131 1179 4214 quibus
1195 4132 1302 4199 adhuc

127 4238 181 4302 est
200 4235 419 4321 disputatum,
442 4237 548 4305 animo
568 4238 686 4305 iterum
706 4238 735 4305 si
750 4238 968 4321 percurrimus
982 4238 1144 4307 rationem
1160 4239 1203 4305 ad
1224 4240 1300 4306 illas

26 4430 29 4435 ἣ
126 4345 347 4426 postmortem
355 4344 561 4413 condiciones
570 4345 765 4416 hisvocibus
776 4346 904 4414 omnino
917 4347 1033 4416 deesse
1044 4347 1143 4431 plane
1155 4350 1302 4432 apparet
