3142 5059
735 474 957 543 ..24-

347 668 540 752 Priusquam
556 671 666 737 autem
681 689 782 754 perge
798 668 833 736 in
847 668 898 752 113,
922 688 1005 751 quae
1028 668 1106 736 mihi
1128 669 1332 738 absolvenda
1347 672 1435 751 sunt,

259 777 416 843 nonnulla
445 794 682 860 praemoneam.
732 776 855 859 Ouique
883 776 969 843 enim
998 776 1120 843 homini
1149 780 1270 844 natura
1299 776 1435 844 insitum

259 886 324 966 est,
354 888 392 951 ut
414 884 508 951 metu
526 884 665 966 quodam
688 884 854 953 afficiatur
876 903 984 952 rerum
1007 884 1147 951 omnium
1171 884 1287 967 quibus
1311 884 1436 967 aliquid

258 990 406 1058 terribile
428 990 517 1059 inest
538 991 635 1074 idque
658 992 799 1059 maxime
822 992 928 1059 animo
952 993 1156 1073 observatur,
1180 992 1208 1058 si
1226 992 1296 1059 1313
1312 991 1436 1074 aliquid

259 1098 369 1167 verbis
405 1098 586 1181 exprimere
620 1099 757 1183 cogitur.
809 1100 912 1184 Quem
946 1102 1068 1166 metum
1101 1103 1136 1167 et
1170 1100 1257 1182 apud
1288 1098 1435 1183 singulas

259 1206 394 1289 populus
411 1205 544 1275 diversa
558 1207 766 1274 vehementia
782 1226 856 1274 esse
876 1205 1085 1273 manifestum
1108 1206 1162 1274 sit.
1201 1206 1435 1288 1133111333-

259 1333 319 1379 nos
342 1313 498 1396 imprimis
521 1314 597 1381 huie
620 1313 848 1397 superstitioso
871 1313 973 1381 metui
996 1313 1129 1381 31133133
1149 1313 1327 1380 inrbnlsisse
1348 1312 1438 1379 inter

260 1440 371 1487 omnes
403 1422 543 1488 3333131.
596 1421 691 1506 Quod
721 1420 897 1516 luculentis
928 1420 1085 1504 exemplis
1108 1424 1145 1488 ut
1174 1422 1367 1504 intellegas,
1399 1422 1435 1487 te

261 1527 469 1594 considerare
500 1528 598 1596 velim
628 1528 703 1595 illas
734 1548 834 1598 33333
859 1532 969 1600 Manes
999 1527 1047 1616 (di
1077 1529 1170 1610 beni,
1202 1528 1258 1611 qui
1287 1548 1323 1594 re
1354 1546 1436 1595 vera

261 1633 473 1720 1333133331)
496 1636 650 1719 placandi
673 1639 847 1719 putantur3
879 1636 937 1703 eir.
961 1636 1171 1704 33131331.
1194 1636 1238 1703 Π.
1262 1634 1327 1701 548
1350 1632 1434 1720 sqq.)

263 1745 298 1808 31
320 1743 441 1809 Parare
472 1740 531 1829 (33.
563 1762 646 1826 qnae
677 1747 831 1827 parcunt,
855 1763 1049 1826 quamquam
1081 1763 1140 1810 eae
1167 1743 1260 1826 ipsae
1289 1729 1436 1810 homines

262 1850 380 1915 acerbo
404 1848 519 1917 133313
541 1848 716 1935 mergunt),
740 1852 890 1934 exempla
913 1852 975 1917 due
998 1850 1272 1933 praeclarissima.

351 1956 520 2024 Eiusmodi
542 1958 638 2041 plura
661 1958 760 2025 eliam
783 1958 818 2023 13
835 1957 971 2026 vecibus
993 1977 1052 2041 pre
1076 1961 1156 2023 mori
1178 1957 1250 2025 sive
1272 1980 1357 2023 mers
1379 1958 1434 2023 ad-

261 2062 373 2129 hibitis
412 2064 629 2133 animadverti
667 2084 754 2131 3333
792 2066 1031 2132 demonstrabo.
1092 2065 1158 2132 Sed
1198 2067 1347 2149 apertum
1385 2067 1438 2131 est

261 2170 407 2237 homines
438 2174 475 2239 ut
505 2172 668 2253 terribile,
700 2174 784 2254 quod
807 2172 977 2241 vocabulis
1005 2176 1087 2238 meri
1114 2175 1213 2255 atque
1235 2195 1319 2238 33313
1340 2172 1436 2253 13331,

263 2278 423 2363 effugiant
444 2281 513 2346 tum
537 2279 676 2347 maxime
700 2279 843 2362 studere,
867 2299 939 2347 eum
962 2279 1003 2347 de
1026 2299 1107 2348 vera
1130 2284 1235 2347 morte
1258 2279 1436 2363 disputent.

262 2388 379 2468 Itaque
410 2405 476 2452 non
506 2386 620 2453 mirum
648 2390 715 2468 331,
746 2387 832 2469 qued
861 2386 1018 2470 imprimis
1048 2388 1081 2455 in
1110 2386 1307 2454 carminibus
1330 2387 1436 2470 sepul·

264 2492 406 2560 eralibus
437 2495 471 2559 et
502 2493 633 2576 seriptis
665 2494 910 2575 consolatoriis,
945 2514 1079 2577 quorum
1114 2494 1240 2562 33111331
1274 2493 1437 2561 scribendi

263 2600 348 2667 ratio
382 2619 444 2683 par
479 2604 546 2681 est,
581 2601 730 2684 exempla
763 2601 947 2668 huiusmodi
978 2604 1166 2685 suppetunt.
1218 2603 1268 2668 Aa
1302 2602 1437 2684 primum

265 2708 392 2789 quidem
409 2726 590 2789 cognoscas
605 2708 712 2789 velim,
728 2728 889 2791 quaenam
906 2709 1190 2778 substantiva
1205 2709 1321 2777 eminis
1337 2727 1438 2776 33333

264 2834 322 2897 pre
346 2838 428 2882 mors
452 2816 678 2882 adhibeantur.

354 2922 552 3005 Saepissime
576 2926 751 2991 333311331
773 2923 936 2991 voeabula

678 3062 766 3147 dies,
791 3063 891 3147 hora,
916 3062 1029 3154 quies.

353 3190 598 3259 Adiectivorum
622 3211 829 3273 annumero,
857 3211 941 3273 quae
963 3191 1015 3258 his
1038 3191 1256 3259 substantivis
1281 3191 1441 3260 33331331

267 3336 307 3345 -
343 3318 419 3364 nam
454 3299 604 3365 absolute
638 3318 812 3381 numquam
846 3299 923 3382 poni
957 3300 1065 3365 solent
1096 3336 1137 3345 -
1173 3298 1306 3366 alierum
1340 3300 1438 3365 haee:

265 3428 431 3491 supremas,
451 3408 585 3490 31111333,
602 3408 735 3490 acerbus,
753 3415 830 3488 uter,
847 3409 943 3488 dirus,
960 3408 1091 3494 labbeus,
1109 3408 1235 3488 31311133,
1252 3412 1437 3490 immutamus,

266 3514 458 3595 ineuitabilis,
474 3513 601 3600 fatalis,
626 3516 819 3579 miserabilis.

356 3620 517 3704 Exempla
548 3640 619 3688 eum
649 3620 758 3689 ubivis
790 3619 858 3687 sint
888 3620 1000 3704 obvia,
1035 3621 1119 3688 satis
1149 3622 1254 3688 habeo
1285 3622 1442 3688 nonnulla

266 3727 423 3811 proferre,
447 3728 563 3810 quibus

358 3834 391 3921 3)
420 3839 483 3902 dies
510 3836 621 3902 addito
650 3835 758 3918 aliquo
782 3835 946 3903 adieetive
968 3836 1060 3905 33313
1083 3858 1166 3902 mors
1189 3834 1260 3903 3133
1283 3835 1440 3920 iungitur.

313 3944 350 4009 B.
376 3940 671 4010 instaurantem
693 3943 765 4011 vita
788 3942 923 4009 sustulit
946 3946 1021 4009 atra
1044 3942 1123 4009 dies.

312 4050 350 4116 B.
374 4048 455 4116 554:
477 4050 642 4117 inmatura
666 4050 734 4117 dies
758 4050 900 4116 1331313
924 4050 1117 4117 abstulerat.

313 4160 347 4224 et
370 4157 501 4241 saepius
526 4156 584 4223 311.
609 4158 646 4224 Β.
671 4156 766 4240 1159,
791 4158 829 4225 B.
854 4154 950 4238 1160,
973 4158 1011 4224 Β.
1035 4155 1131 4238 1155,
1155 4159 1192 4223 Β.
1217 4154 1312 4223 1304.

360 4334 386 4402 1)
405 4332 531 4390 Tibullus
545 4334 620 4390 enim
633 4333 700 4390 dicit
713 4333 743 4392 11.
755 4349 781 4391 3.
791 4336 834 4390 37.
863 4334 987 4402 neglecti
999 4335 1113 4390 mittunt
1124 4332 1199 4389 33113
1212 4330 1443 4391 somnialllanes.
