3142 5059
716 492 939 559 ..33-

285 690 401 757 Varro.
423 710 449 757 r.
472 708 497 757 r.
524 689 542 755 I
570 686 599 755 1.
623 685 660 755 1:
691 706 798 755 annus
828 686 915 755 enim
944 687 1163 772 octogesimus
1189 685 1344 753 admonet
1365 704 1420 752 me

401 796 439 862 ut
461 795 611 864 sarcinas
634 794 806 880 conligam,
830 796 1006 877 antequam
1028 795 1259 879 proficiscare
1281 792 1362 862 vita.

287 938 352 1007 Cic.
376 938 416 1006 (le
438 958 506 1022 rep.
528 939 576 1006 VI
599 936 637 1006 9:
661 940 839 1021 antequam
860 958 903 1006 ex
925 940 988 1006 hac
1010 938 1083 1007 vita
1103 938 1217 1023 migro.

287 1082 351 1150 Cic.
367 1082 420 1149 fin.
435 1082 453 1149 Ι
469 1080 527 1149 62:
551 1081 683 1166 sapiens
704 1101 770 1150 non
791 1082 930 1165 dubitat,
953 1081 982 1150 si
997 1082 1047 1150 ita
1061 1081 1176 1150 melius
1192 1083 1254 1163 est
1276 1079 1421 1164 migrare

403 1188 444 1257 de
466 1188 547 1257 vita.

332 1332 447 1399 Colore
476 1332 575 1416 paulo
609 1334 736 1399 mutato
767 1334 829 1399 hoc
859 1334 953 1415 tropo
984 1332 1089 1399 utitur
1118 1332 1261 1412 Seneca,
1296 1330 1351 1413 qui
1384 1329 1423 1396 in

244 1439 364 1506 consol.
389 1438 431 1505 ad
453 1438 567 1523 Polyb.
590 1440 641 1505 IX
668 1437 688 1505 6
715 1438 821 1507 vitam
851 1440 1020 1522 comparat
1049 1458 1122 1506 cum
1149 1438 1267 1506 itinere
1289 1436 1324 1504 in
1346 1455 1422 1520 pro·

244 1545 365 1612 calloso
389 1544 487 1628 mari;
510 1545 666 1629 leguntur
687 1545 745 1613 1.1.
767 1546 867 1613 haec:
892 1549 992 1612 omnis
1012 1549 1075 1612 citu
1096 1547 1282 1633 supplicium
1304 1552 1364 1627 ast,·
1385 1546 1422 1609 iu

244 1655 302 1719 hoc
322 1652 521 1740 profundum
543 1655 767 1740 inquietumque
784 1656 916 1740 proiecti
938 1676 1027 1720 mure
1049 1703 1058 1719 .
1083 1703 1091 1720 .
1117 1704 1124 1720 .
1148 1676 1178 1734 .;
1202 1652 1369 1739 pandamus
1392 1659 1422 1716 u

238 1762 476 1847 fluctuumurct
498 1762 577 1827 ulter
598 1763 633 1826 iu
655 1762 790 1827 cuorum
804 1762 969 1827 ialidimur
985 1769 1011 1827 ct
1026 1762 1195 1848 aliquando
1213 1760 1423 1846 naufrupium

243 1868 396 1950 facimus,
427 1888 545 1953 suuper
575 1869 725 1935 timemus.
776 1869 819 1933 Iu
848 1868 903 1933 λοο
932 1874 998 1934 tum
1015 1868 1185 1955 procelloso
1208 1875 1236 1932 et
1263 1868 1297 1932 iu
1321 1885 1425 1931 ονιιιοσ

246 1981 430 2061 tempestates
445 1978 578 2060 opposito
593 1978 679 2041 muri
700 1976 919 2063 uuoipuutitue
926 1971 952 2059 1)
975 1976 1082 2041 uuus
1099 1980 1211 2061 portam
1232 1976 1292 2041 nisi
1314 1975 1424 2037 mauu

247 2089 296 2147 cai.
343 2080 450 2150 Huuius
472 2101 551 2149 vero
579 2081 681 2165 tropi,
715 2082 842 2164 dequo
866 2100 953 2149 nunc
980 2081 1167 2149 accuratius
1195 2080 1423 2163 disputaturus

246 2207 334 2269 aum,
365 2188 407 2255 ad
430 2187 589 2273 originem
612 2190 698 2271 quod
722 2188 859 2271 attinet,
890 2188 1008 2271 quibus
1030 2188 1231 2272 temporibus
1254 2189 1346 2253 ortus
1367 2184 1424 2252 vel

246 2294 383 2378 primum
407 2295 573 2362 adhibitus
596 2294 641 2363 sit
664 2295 800 2363 definire
823 2295 1049 2364 difficillimum
1071 2297 1132 2378 est,
1156 2313 1261 2377 neque
1281 2312 1423 2376 unquam

246 2402 281 2468 id
303 2400 448 2469 fortasse
477 2402 600 2486 poterit
630 2403 716 2486 crui3
747 2403 806 2470 sed
836 2405 898 2471 hoc
927 2424 986 2488 pro
1017 2406 1108 2470 certo
1138 2401 1296 2469 affirmari
1318 2400 1424 2484 possit

248 2510 413 2603 Romanos
436 2528 502 2576 non
524 2509 598 2593 plus
622 2530 719 2593 quam
734 2510 891 2592 Graecos,
914 2529 1050 2594 quorum
1072 2510 1107 2576 in
1129 2509 1251 2576 litteris
1273 2508 1327 2575 hic
1345 2527 1422 2590 quo-

248 2635 311 2698 que
333 2618 448 2701 tropus
479 2618 636 2702 exemplis
666 2639 732 2686 non
761 2618 876 2703 paucis
899 2615 1058 2703 exstat,²)
1087 2618 1209 2702 primos
1239 2636 1317 2685 usos
1349 2634 1422 2683 esse

339 2902 366 2971 1)
391 2902 580 2959 Pulcherrima
598 2902 744 2969 illustratio
764 2905 846 2961 huius
865 2904 921 2961 loci
939 2917 1029 2960 naves
1048 2901 1111 2959 illae
1130 2903 1240 2958 suntin
1259 2900 1423 2973 anaglyphis

250 2993 369 3061 antiquis
388 2991 590 3062 sepulcralibus
609 3006 820 3063 nonnumquam
840 2994 943 3050 obviae
966 2995 996 3049 nt
1020 2993 1047 3048 in
1070 2992 1162 3061 lapide
1181 2992 1332 3048 christiano
1352 2989 1424 3060 apud

250 3078 411 3137 Fickernm:
431 3080 484 3137 Die
501 3081 722 3139 altchrlstllchen
735 3081 898 3139 Bildwerke
915 3084 955 3138 im
968 3080 1101 3139 ltlusenm
1115 3081 1166 3137 des
1179 3080 1313 3138 Laterans
1326 3077 1359 3136 N.
1372 3081 1425 3134 208

251 3172 281 3226 et
303 3170 331 3226 in
356 3170 487 3239 sepulcro
507 3168 683 3241 Pompeiano
707 3170 746 3241 (id
765 3170 870 3229 Birtius
894 3184 1009 3228 mecum
1033 3170 1281 3238 communicavit),
1307 3169 1343 3226 de
1367 3182 1424 3238 quo

251 3258 380 3316 conferas
400 3258 654 3317 overheck-hlan:
673 3259 804 3331 Pompeii
822 3274 849 3331 p.
867 3264 930 3318 415.

340 3366 368 3433 2)
387 3364 526 3423 Nonnulla
545 3381 580 3423 ex
599 3367 752 3439 Sophoclis
770 3368 872 3426 tabulis
890 3369 945 3425 hoc
964 3367 1031 3425 loco
1050 3366 1197 3423 addantur:
1215 3366 1349 3436 inspicias

252 3454 325 3512 Oed.
349 3456 404 3525 tyr.
429 3457 496 3511 959:
523 3442 561 3514 εὖ
588 3448 660 3513 ἴσθ’
684 3449 808 3514 ἐκεῖνον
830 3450 1027 3534 θανάσιμον
1048 3450 1274 3537 βεβηκότα.

253 3541 325 3600 Oed.
350 3541 414 3601 Col.
440 3546 522 3600 1679:
552 3536 754 3623 βὲβηιιενς

252 3630 292 3690 ΕΙ.
320 3635 385 3689 145:
413 3622 534 3709 νήπιος
558 3650 593 3701 ος
615 3650 681 3692 τιον
705 3649 840 3711 οικτροος

414 3710 651 3798 οἰχομένων
673 3713 794 3799 γονέων
817 3714 1031 3782 ἐπιλάθεται.

253 3808 294 3867 El.
319 3812 387 3867 809:
415 3800 626 3955 ἆῗοοπάοας
649 3810 703 3883 (sc.
728 3810 863 3883 Orestes)
885 3804 947 3889 γὰρ
963 3809 1021 3889 τῆς
1038 3804 1116 3889 ἐμῆς
1131 3804 1216 3889 οἴχῃ
1233 3804 1353 3888 φρενὸς
1370 3855 1377 3870 .
1394 3854 1402 3871 .
1419 3854 1426 3869 .

415 3888 554 3967 ἕπίδας

253 3987 356 4047 Electr.
383 3992 449 4045 1151
471 4003 548 4058 sqq:
584 3981 700 4047 πάντα
727 3985 790 4068 γὰρ
821 3982 1043 4064 συναρπάσας
1075 3987 1128 4060 (sc.
1153 3987 1286 4058 Orestes)
1311 3977 1426 4044 θύελλ’

417 4066 507 4144 ὅπως
528 4070 724 4222 βὲβῖχκας.
756 4071 926 4153 οἴχεται
948 4072 1079 4156 πατήρ·
1116 4067 1254 4157 τέθνηκ’
1277 4068 1338 4151 ἐγώ
1355 4087 1426 4133 σοι·

254 4167 296 4225 Ai.
322 4170 389 4225 690:
414 4157 474 4241 ἐγώ
497 4161 559 4247 γὰρ
583 4184 599 4222 ε
626 4157 660 4242 μ’
683 4158 780 4225 taeiu'
806 4152 886 4225 ὅποι
908 4159 1160 4239 πορευτέον.

255 4256 397 4314 1111127:
415 4245 499 4322 θεὸς
520 4248 583 4333 γαρ
603 4245 738 4325 &acutae
759 4272 813 4332 με,
837 4251 922 4329 τῷδε
945 4246 975 4312 δ’
1000 4248 1143 4332 οἴχομαι.
1182 4257 1212 4312 et
1236 4256 1350 4325 saepius
1377 4253 1429 4311 cir.

415 4343 459 4401 hi.
476 4344 537 4411 972,
557 4340 627 4401 Phil.
645 4343 706 4409 494,
725 4341 826 4403 Trach
844 4345 905 4401 875.
